<?xml version="1.0" encoding="UTF-8"?>
<!DOCTYPE html PUBLIC "-//W3C//DTD XHTML 1.0 Transitional//EN"
    "http://www.w3.org/TR/xhtml1/DTD/xhtml1-transitional.dtd">
<html xmlns="http://www.w3.org/1999/xhtml" xml:lang="en" lang="en">
 <head>
  <title>
</title>
<meta http-equiv="Content-Type" content="text/html;charset=utf-8" />
  <meta name='ocr-system' content='tesseract 3.04.00' />
  <meta name='ocr-capabilities' content='ocr_page ocr_carea ocr_par ocr_line ocrx_word'/>
</head>
<body>
  <div class='ocr_page' id='page_1' title='image "./dedecretisindem00wortgoog_0027.png"; bbox 0 0 3054 4706; ppageno 0'>
   <div class='ocr_carea' id='block_1_1' title="bbox 185 567 1375 657">
    <p class='ocr_par' dir='ltr' id='par_1_1' title="bbox 185 567 1375 657">
     <span class='ocr_line' id='line_1_1' title="bbox 185 567 1375 657; baseline 0.003 -21"><span class='ocrx_word' id='word_1_1' title='bbox 185 616 186 619; x_wconf 19' lang='grc' dir='ltr'><strong>κ</strong></span> <span class='ocrx_word' id='word_1_2' title='bbox 219 576 281 641; x_wconf 84' lang='lat' dir='ltr'>hoc</span> <span class='ocrx_word' id='word_1_3' title='bbox 294 573 473 657; x_wconf 88' lang='lat' dir='ltr'>psephisma</span> <span class='ocrx_word' id='word_1_4' title='bbox 484 569 585 651; x_wconf 81' lang='lat' dir='ltr'>magis</span> <span class='ocrx_word' id='word_1_5' title='bbox 610 571 772 633; x_wconf 81' lang='lat' dir='ltr'>»aetorum</span> <span class='ocrx_word' id='word_1_6' title='bbox 790 567 966 633; x_wconf 75' lang='lat' dir='ltr'>relationis«</span> <span class='ocrx_word' id='word_1_7' title='bbox 989 568 1220 652; x_wconf 79' lang='lat' dir='ltr'>(Schoemannz</span> <span class='ocrx_word' id='word_1_8' title='bbox 1241 571 1281 637; x_wconf 91' lang='lat' dir='ltr'>de</span> <span class='ocrx_word' id='word_1_9' title='bbox 1295 592 1375 657; x_wconf 65' lang='lat' dir='ltr'>corn,</span> 
     </span>
    </p>
   </div>
   <div class='ocr_carea' id='block_1_2' title="bbox 138 675 1376 977">
    <p class='ocr_par' dir='ltr' id='par_1_2' title="bbox 138 675 1376 977">
     <span class='ocr_line' id='line_1_2' title="bbox 220 675 1376 766; baseline -0.002 -19"><span class='ocrx_word' id='word_1_10' title='bbox 220 704 250 766; x_wconf 91' lang='lat' dir='ltr'>p.</span> <span class='ocrx_word' id='word_1_11' title='bbox 269 682 329 747; x_wconf 80' lang='grc'>434</span> <span class='ocrx_word' id='word_1_12' title='bbox 347 699 421 743; x_wconf 86' lang='lat' dir='ltr'>ann.</span> <span class='ocrx_word' id='word_1_13' title='bbox 440 677 490 758; x_wconf 88' lang='lat'>17)</span> <span class='ocrx_word' id='word_1_14' title='bbox 512 695 608 758; x_wconf 89' lang='lat' dir='ltr'>quam</span> <span class='ocrx_word' id='word_1_15' title='bbox 632 675 802 756; x_wconf 80' lang='lat' dir='ltr'>rogationis</span> <span class='ocrx_word' id='word_1_16' title='bbox 816 676 952 757; x_wconf 87' lang='lat' dir='ltr'>speciem</span> <span class='ocrx_word' id='word_1_17' title='bbox 973 677 1179 757; x_wconf 82' lang='lat' dir='ltr'>praesefert.</span> <span class='ocrx_word' id='word_1_18' title='bbox 1221 679 1376 763; x_wconf 82' lang='lat' dir='ltr'>Reliquae</span> 
     </span>
     <span class='ocr_line' id='line_1_3' title="bbox 218 780 1375 870; baseline -0.012 -16"><span class='ocrx_word' id='word_1_19' title='bbox 218 791 293 854; x_wconf 86' lang='lat' dir='ltr'>sunt</span> <span class='ocrx_word' id='word_1_20' title='bbox 314 786 351 869; x_wconf 57' lang='grc' dir='ltr'>ἐξ</span> <span class='ocrx_word' id='word_1_21' title='bbox 374 786 413 848; x_wconf 86' lang='grc'>75</span> <span class='ocrx_word' id='word_1_22' title='bbox 435 788 467 848; x_wconf 86' lang='lat' dir='ltr'>et</span> <span class='ocrx_word' id='word_1_23' title='bbox 490 784 565 861; x_wconf 84' lang='lat'>105,</span> <span class='ocrx_word' id='word_1_24' title='bbox 594 801 731 865; x_wconf 89' lang='lat' dir='ltr'>quarum</span> <span class='ocrx_word' id='word_1_25' title='bbox 753 783 864 846; x_wconf 89' lang='lat' dir='ltr'>neutra</span> <span class='ocrx_word' id='word_1_26' title='bbox 884 781 982 846; x_wconf 90' lang='lat' dir='ltr'>uerbo</span> <span class='ocrx_word' id='word_1_27' title='bbox 1005 780 1200 870; x_wconf 61' lang='lat' dir='ltr'>»uticona«,</span> <span class='ocrx_word' id='word_1_28' title='bbox 1233 787 1318 869; x_wconf 77' lang='lat' dir='ltr'>quod</span> <span class='ocrx_word' id='word_1_29' title='bbox 1340 788 1375 852; x_wconf 68' lang='lat' dir='ltr'>iis</span> 
     </span>
     <span class='ocr_line' id='line_1_4' title="bbox 138 888 1375 977; baseline 0.005 -24"><span class='ocrx_word' id='word_1_30' title='bbox 138 950 139 953; x_wconf 74' lang='grc'>,</span> <span class='ocrx_word' id='word_1_31' title='bbox 219 893 462 977; x_wconf 86' lang='lat' dir='ltr'>superscriptum</span> <span class='ocrx_word' id='word_1_32' title='bbox 485 889 673 971; x_wconf 50' lang='lat' dir='ltr'>reperimus</span> <span class='ocrx_word' id='word_1_33' title='bbox 698 888 794 970; x_wconf 71' lang='lat' dir='ltr'>digna</span> <span class='ocrx_word' id='word_1_34' title='bbox 813 891 875 966; x_wconf 83' lang='lat' dir='ltr'>est,</span> <span class='ocrx_word' id='word_1_35' title='bbox 904 908 977 953; x_wconf 91' lang='lat' dir='ltr'>cum</span> <span class='ocrx_word' id='word_1_36' title='bbox 1005 890 1103 954; x_wconf 86' lang='lat' dir='ltr'>altera</span> <span class='ocrx_word' id='word_1_37' title='bbox 1132 911 1191 956; x_wconf 90' lang='lat' dir='ltr'>nec</span> <span class='ocrx_word' id='word_1_38' title='bbox 1213 893 1375 959; x_wconf 88' lang='lat' dir='ltr'>decretum</span> 
     </span>
    </p>
   </div>
   <div class='ocr_carea' id='block_1_3' title="bbox 122 996 1375 1083">
    <p class='ocr_par' dir='ltr' id='par_1_3' title="bbox 122 996 1375 1083">
     <span class='ocr_line' id='line_1_5' title="bbox 122 996 1375 1083; baseline -0.002 -15"><span class='ocrx_word' id='word_1_39' title='bbox 122 998 130 1083; x_wconf 62' lang='lat' dir='ltr'>J</span> <span class='ocrx_word' id='word_1_40' title='bbox 219 1000 337 1068; x_wconf 89' lang='lat' dir='ltr'>concilii</span> <span class='ocrx_word' id='word_1_41' title='bbox 365 1018 424 1062; x_wconf 86' lang='lat' dir='ltr'>nec</span> <span class='ocrx_word' id='word_1_42' title='bbox 451 996 685 1079; x_wconf 85' lang='lat' dir='ltr'>populiscitum‚</span> <span class='ocrx_word' id='word_1_43' title='bbox 715 996 770 1060; x_wconf 90' lang='lat' dir='ltr'>sed</span> <span class='ocrx_word' id='word_1_44' title='bbox 790 996 839 1073; x_wconf 87' lang='lat' dir='ltr'>id,</span> <span class='ocrx_word' id='word_1_45' title='bbox 868 996 954 1077; x_wconf 90' lang='lat' dir='ltr'>quod</span> <span class='ocrx_word' id='word_1_46' title='bbox 974 996 1102 1061; x_wconf 89' lang='lat' dir='ltr'>Voemet</span> <span class='ocrx_word' id='word_1_47' title='bbox 1135 997 1249 1082; x_wconf 76' lang='lat' dir='ltr'>(progr.</span> <span class='ocrx_word' id='word_1_48' title='bbox 1286 1001 1375 1079; x_wconf 71' lang='lat'>1842,</span> 
     </span>
    </p>
   </div>
   <div class='ocr_carea' id='block_1_4' title="bbox 218 1102 1375 1512">
    <p class='ocr_par' dir='ltr' id='par_1_4' title="bbox 218 1102 1375 1512">
     <span class='ocr_line' id='line_1_6' title="bbox 219 1102 1375 1193; baseline -0.002 -22"><span class='ocrx_word' id='word_1_49' title='bbox 219 1130 250 1193; x_wconf 90' lang='lat' dir='ltr'>p.</span> <span class='ocrx_word' id='word_1_50' title='bbox 273 1107 323 1188; x_wconf 70' lang='grc'>14)</span> <span class='ocrx_word' id='word_1_51' title='bbox 352 1103 620 1186; x_wconf 86' lang='lat' dir='ltr'>Wahlprotokoll‚</span> <span class='ocrx_word' id='word_1_52' title='bbox 639 1102 837 1171; x_wconf 72' lang='lat' dir='ltr'>„Boehnecke</span> <span class='ocrx_word' id='word_1_53' title='bbox 867 1102 1003 1184; x_wconf 81' lang='lat' dir='ltr'>(Forsch.</span> <span class='ocrx_word' id='word_1_54' title='bbox 1034 1124 1064 1185; x_wconf 88' lang='lat' dir='ltr'>p.</span> <span class='ocrx_word' id='word_1_55' title='bbox 1087 1103 1161 1185; x_wconf 67' lang='lat'><strong>482)</strong></span> <span class='ocrx_word' id='word_1_56' title='bbox 1189 1104 1375 1188; x_wconf 78' lang='grc' dir='ltr'><em>Γράμματα</em></span> 
     </span>
     <span class='ocr_line' id='line_1_7' title="bbox 218 1208 1373 1298; baseline 0 -19"><span class='ocrx_word' id='word_1_57' title='bbox 218 1214 364 1298; x_wconf 83' lang='lat' dir='ltr'>appellat,</span> <span class='ocrx_word' id='word_1_58' title='bbox 385 1210 620 1292; x_wconf 73' lang='lat' dir='ltr'>complectatur,</span> <span class='ocrx_word' id='word_1_59' title='bbox 642 1208 741 1272; x_wconf 82' lang='lat' dir='ltr'>altera</span> <span class='ocrx_word' id='word_1_60' title='bbox 763 1229 812 1273; x_wconf 89' lang='lat' dir='ltr'>res</span> <span class='ocrx_word' id='word_1_61' title='bbox 834 1210 954 1291; x_wconf 87' lang='lat' dir='ltr'>aliquot</span> <span class='ocrx_word' id='word_1_62' title='bbox 974 1215 1080 1292; x_wconf 79' lang='lat' dir='ltr'>gestae</span> <span class='ocrx_word' id='word_1_63' title='bbox 1101 1212 1286 1291; x_wconf 83' lang='lat' dir='ltr'>referantur,</span> <span class='ocrx_word' id='word_1_64' title='bbox 1308 1234 1373 1279; x_wconf 92' lang='lat' dir='ltr'>non</span> 
     </span>
     <span class='ocr_line' id='line_1_8' title="bbox 218 1314 1375 1403; baseline -0.001 -17"><span class='ocrx_word' id='word_1_65' title='bbox 218 1322 354 1386; x_wconf 89' lang='lat' dir='ltr'>edictum</span> <span class='ocrx_word' id='word_1_66' title='bbox 376 1319 571 1400; x_wconf 88' lang='lat' dir='ltr'>proponatur</span> <span class='ocrx_word' id='word_1_67' title='bbox 592 1314 641 1394; x_wconf 85' lang='lat' dir='ltr'>(cf.</span> <span class='ocrx_word' id='word_1_68' title='bbox 657 1315 801 1380; x_wconf 85' lang='lat' dir='ltr'>Voenrel:</span> <span class='ocrx_word' id='word_1_69' title='bbox 821 1336 923 1398; x_wconf 80' lang='lat' dir='ltr'>progr.</span> <span class='ocrx_word' id='word_1_70' title='bbox 939 1317 1019 1381; x_wconf 88' lang='grc'>1844</span> <span class='ocrx_word' id='word_1_71' title='bbox 1041 1339 1070 1400; x_wconf 86' lang='lat' dir='ltr'>p.</span> <span class='ocrx_word' id='word_1_72' title='bbox 1085 1318 1182 1396; x_wconf 86' lang='grc'>4-5;</span> <span class='ocrx_word' id='word_1_73' title='bbox 1204 1320 1345 1403; x_wconf 88' lang='lat' dir='ltr'>Droysen</span> <span class='ocrx_word' id='word_1_74' title='bbox 1361 1321 1375 1385; x_wconf 85' lang='lat'><em>1</em></span> 
     </span>
     <span class='ocr_line' id='line_1_9' title="bbox 218 1423 1374 1512; baseline 0.002 -22"><span class='ocrx_word' id='word_1_75' title='bbox 218 1450 248 1512; x_wconf 88' lang='lat' dir='ltr'>p.</span> <span class='ocrx_word' id='word_1_76' title='bbox 262 1426 346 1508; x_wconf 83' lang='grc'>949).</span> <span class='ocrx_word' id='word_1_77' title='bbox 388 1426 401 1488; x_wconf 92' lang='lat' dir='ltr'>I</span> <span class='ocrx_word' id='word_1_78' title='bbox 416 1444 498 1506; x_wconf 85' lang='lat' dir='ltr'>aque</span> <span class='ocrx_word' id='word_1_79' title='bbox 514 1443 553 1487; x_wconf 94' lang='lat' dir='ltr'>ne</span> <span class='ocrx_word' id='word_1_80' title='bbox 575 1423 743 1505; x_wconf 87' lang='lat' dir='ltr'>quisquam</span> <span class='ocrx_word' id='word_1_81' title='bbox 758 1424 897 1501; x_wconf 86' lang='lat' dir='ltr'>miretur,</span> <span class='ocrx_word' id='word_1_82' title='bbox 919 1424 1004 1506; x_wconf 90' lang='lat' dir='ltr'>quod</span> <span class='ocrx_word' id='word_1_83' title='bbox 1025 1428 1139 1493; x_wconf 87' lang='lat' dir='ltr'>neutra</span> <span class='ocrx_word' id='word_1_84' title='bbox 1156 1428 1374 1511; x_wconf 78' lang='lat' dir='ltr'>paragraphus</span> 
     </span>
    </p>
   </div>
   <div class='ocr_carea' id='block_1_5' title="bbox 105 1522 1112 1613">
    <p class='ocr_par' dir='ltr' id='par_1_5' title="bbox 105 1522 1112 1613">
     <span class='ocr_line' id='line_1_10' title="bbox 105 1522 1112 1613; baseline -0.003 -14"><span class='ocrx_word' id='word_1_85' title='bbox 105 1522 108 1535; x_wconf 50' lang='lat'><strong><em>⁹</em></strong></span> <span class='ocrx_word' id='word_1_86' title='bbox 213 1537 354 1605; x_wconf 69' lang='lat' dir='ltr'>tonnam</span> <span class='ocrx_word' id='word_1_87' title='bbox 378 1533 589 1609; x_wconf 87' lang='lat' dir='ltr'>decretorum,</span> <span class='ocrx_word' id='word_1_88' title='bbox 612 1549 710 1613; x_wconf 84' lang='lat' dir='ltr'>quam</span> <span class='ocrx_word' id='word_1_89' title='bbox 733 1526 951 1612; x_wconf 84' lang='lat' dir='ltr'>expectamus,</span> <span class='ocrx_word' id='word_1_90' title='bbox 973 1532 1112 1613; x_wconf 83' lang='lat' dir='ltr'>praehet.</span> 
     </span>
    </p>
   </div>
   <div class='ocr_carea' id='block_1_6' title="bbox 121 1638 1374 2256">
    <p class='ocr_par' dir='ltr' id='par_1_6' title="bbox 121 1638 1374 2256">
     <span class='ocr_line' id='line_1_11' title="bbox 298 1638 1374 1720; baseline 0.003 -15"><span class='ocrx_word' id='word_1_91' title='bbox 298 1640 430 1705; x_wconf 84' lang='lat' dir='ltr'>Animos</span> <span class='ocrx_word' id='word_1_92' title='bbox 453 1641 535 1703; x_wconf 87' lang='lat' dir='ltr'>retro</span> <span class='ocrx_word' id='word_1_93' title='bbox 549 1638 742 1703; x_wconf 85' lang='lat' dir='ltr'>uertentihus</span> <span class='ocrx_word' id='word_1_94' title='bbox 762 1638 805 1701; x_wconf 83' lang='lat' dir='ltr'>ad</span> <span class='ocrx_word' id='word_1_95' title='bbox 824 1657 871 1716; x_wconf 87' lang='lat' dir='ltr'>ea,</span> <span class='ocrx_word' id='word_1_96' title='bbox 892 1659 975 1720; x_wconf 87' lang='lat' dir='ltr'>quac</span> <span class='ocrx_word' id='word_1_97' title='bbox 989 1640 1142 1705; x_wconf 87' lang='lat' dir='ltr'>hactenus</span> <span class='ocrx_word' id='word_1_98' title='bbox 1157 1641 1374 1708; x_wconf 84' lang='lat' dir='ltr'>dauronstrare</span> 
     </span>
     <span class='ocr_line' id='line_1_12' title="bbox 121 1744 1374 1833; baseline 0.002 -21"><span class='ocrx_word' id='word_1_99' title='bbox 121 1816 122 1819; x_wconf 59' lang='grc'>,</span> <span class='ocrx_word' id='word_1_100' title='bbox 160 1830 161 1833; x_wconf 9' lang='lat'>¹</span> <span class='ocrx_word' id='word_1_101' title='bbox 218 1751 350 1813; x_wconf 90' lang='lat' dir='ltr'>conatus</span> <span class='ocrx_word' id='word_1_102' title='bbox 369 1765 456 1823; x_wconf 82' lang='lat' dir='ltr'>sum,</span> <span class='ocrx_word' id='word_1_103' title='bbox 484 1765 550 1810; x_wconf 88' lang='lat' dir='ltr'>nou</span> <span class='ocrx_word' id='word_1_104' title='bbox 578 1746 711 1815; x_wconf 87' lang='lat' dir='ltr'>dubium</span> <span class='ocrx_word' id='word_1_105' title='bbox 736 1744 801 1808; x_wconf 85' lang='lat' dir='ltr'>iam</span> <span class='ocrx_word' id='word_1_106' title='bbox 829 1745 894 1809; x_wconf 85' lang='lat' dir='ltr'>sore</span> <span class='ocrx_word' id='word_1_107' title='bbox 924 1765 1031 1828; x_wconf 89' lang='lat' dir='ltr'>spero,</span> <span class='ocrx_word' id='word_1_108' title='bbox 1060 1748 1137 1829; x_wconf 83' lang='lat' dir='ltr'>quin</span> <span class='ocrx_word' id='word_1_109' title='bbox 1158 1748 1259 1827; x_wconf 87' lang='lat' dir='ltr'>idem,</span> <span class='ocrx_word' id='word_1_110' title='bbox 1286 1751 1374 1833; x_wconf 81' lang='lat' dir='ltr'>quod</span> 
     </span>
     <span class='ocr_line' id='line_1_13' title="bbox 217 1849 1373 1938; baseline 0.001 -19"><span class='ocrx_word' id='word_1_111' title='bbox 217 1856 446 1920; x_wconf 90' lang='lat' dir='ltr'>Westermann</span> <span class='ocrx_word' id='word_1_112' title='bbox 463 1849 760 1934; x_wconf 81' lang='lat' dir='ltr'>(Untersuchungen</span> <span class='ocrx_word' id='word_1_113' title='bbox 782 1853 839 1915; x_wconf 87' lang='lat' dir='ltr'>etc.</span> <span class='ocrx_word' id='word_1_114' title='bbox 861 1853 922 1915; x_wconf 86' lang='lat' dir='ltr'>aet.</span> <span class='ocrx_word' id='word_1_115' title='bbox 943 1852 1047 1916; x_wconf 86' lang='lat' dir='ltr'>societ.</span> <span class='ocrx_word' id='word_1_116' title='bbox 1074 1873 1139 1917; x_wconf 84' lang='lat' dir='ltr'>sax.</span> <span class='ocrx_word' id='word_1_117' title='bbox 1159 1855 1246 1919; x_wconf 84' lang='lat' dir='ltr'>class.</span> <span class='ocrx_word' id='word_1_118' title='bbox 1267 1856 1373 1938; x_wconf 86' lang='lat' dir='ltr'>philol.</span> 
     </span>
     <span class='ocr_line' id='line_1_14' title="bbox 217 1956 1374 2040; baseline 0.003 -15"><span class='ocrx_word' id='word_1_119' title='bbox 217 1962 288 2027; x_wconf 88' lang='lat' dir='ltr'>hist.</span> <span class='ocrx_word' id='word_1_120' title='bbox 311 1960 372 2025; x_wconf 88' lang='lat' dir='ltr'>uol.</span> <span class='ocrx_word' id='word_1_121' title='bbox 387 1960 408 2037; x_wconf 86' lang='grc' dir='ltr'>Ι,</span> <span class='ocrx_word' id='word_1_122' title='bbox 433 1959 521 2035; x_wconf 83' lang='grc'>1850,</span> <span class='ocrx_word' id='word_1_123' title='bbox 543 1979 573 2040; x_wconf 90' lang='lat' dir='ltr'>p.</span> <span class='ocrx_word' id='word_1_124' title='bbox 588 1957 639 2039; x_wconf 65' lang='lat' dir='ltr'>ib)</span> <span class='ocrx_word' id='word_1_125' title='bbox 662 1957 701 2023; x_wconf 86' lang='lat' dir='ltr'>de</span> <span class='ocrx_word' id='word_1_126' title='bbox 717 1959 846 2022; x_wconf 87' lang='lat' dir='ltr'>auctore</span> <span class='ocrx_word' id='word_1_127' title='bbox 867 1956 939 2038; x_wconf 73' lang='lat'><strong>§.⁶27</strong></span> <span class='ocrx_word' id='word_1_128' title='bbox 961 1958 1111 2023; x_wconf 85' lang='lat' dir='ltr'>orationis</span> <span class='ocrx_word' id='word_1_129' title='bbox 1123 1960 1374 2027; x_wconf 83' lang='lat' dir='ltr'>Demostheneae</span> 
     </span>
     <span class='ocr_line' id='line_1_15' title="bbox 218 2064 1373 2151; baseline 0.001 -18"><span class='ocrx_word' id='word_1_130' title='bbox 218 2089 244 2134; x_wconf 90' lang='lat' dir='ltr'>c.</span> <span class='ocrx_word' id='word_1_131' title='bbox 277 2069 412 2131; x_wconf 89' lang='lat' dir='ltr'>Timocr.</span> <span class='ocrx_word' id='word_1_132' title='bbox 440 2066 529 2142; x_wconf 83' lang='lat' dir='ltr'>dicit,</span> <span class='ocrx_word' id='word_1_133' title='bbox 562 2085 628 2129; x_wconf 92' lang='lat' dir='ltr'>non</span> <span class='ocrx_word' id='word_1_134' title='bbox 659 2065 763 2129; x_wconf 89' lang='lat' dir='ltr'>minus</span> <span class='ocrx_word' id='word_1_135' title='bbox 791 2064 832 2127; x_wconf 91' lang='lat' dir='ltr'>ad</span> <span class='ocrx_word' id='word_1_136' title='bbox 862 2084 935 2129; x_wconf 89' lang='lat' dir='ltr'>eum</span> <span class='ocrx_word' id='word_1_137' title='bbox 963 2067 1132 2148; x_wconf 81' lang='lat' dir='ltr'>pertinere,</span> <span class='ocrx_word' id='word_1_138' title='bbox 1164 2070 1216 2151; x_wconf 89' lang='lat' dir='ltr'>qui</span> <span class='ocrx_word' id='word_1_139' title='bbox 1245 2069 1373 2134; x_wconf 84' lang='lat' dir='ltr'>decreta</span> 
     </span>
     <span class='ocr_line' id='line_1_16' title="bbox 218 2172 1372 2256; baseline 0 -15"><span class='ocrx_word' id='word_1_140' title='bbox 218 2176 351 2241; x_wconf 86' lang='lat' dir='ltr'>orationi</span> <span class='ocrx_word' id='word_1_141' title='bbox 371 2175 411 2239; x_wconf 86' lang='lat' dir='ltr'>de</span> <span class='ocrx_word' id='word_1_142' title='bbox 431 2193 550 2239; x_wconf 89' lang='lat' dir='ltr'>corona</span> <span class='ocrx_word' id='word_1_143' title='bbox 570 2172 752 2255; x_wconf 85' lang='lat' dir='ltr'>interposita</span> <span class='ocrx_word' id='word_1_144' title='bbox 779 2172 968 2256; x_wconf 84' lang='lat' dir='ltr'>conscripsit.</span> <span class='ocrx_word' id='word_1_145' title='bbox 1012 2174 1234 2239; x_wconf 88' lang='lat' dir='ltr'>Westermann</span> <span class='ocrx_word' id='word_1_146' title='bbox 1263 2179 1372 2241; x_wconf 88' lang='lat' dir='ltr'>autern</span> 
     </span>
    </p>
   </div>
   <div class='ocr_carea' id='block_1_7' title="bbox 112 2278 1308 2348">
    <p class='ocr_par' dir='ltr' id='par_1_7' title="bbox 112 2278 1371 2348">
     <span class='ocr_line' id='line_1_17' title="bbox 112 2278 1308 2348; baseline 0 0"><span class='ocrx_word' id='word_1_147' title='bbox 112 2324 113 2329; x_wconf 23' lang='grc' dir='ltr'><strong>κ</strong></span> <span class='ocrx_word' id='word_1_148' title='bbox 217 2284 297 2348; x_wconf 86' lang='lat' dir='ltr'>haec</span> <span class='ocrx_word' id='word_1_149' title='bbox 317 2284 380 2346; x_wconf 86' lang='lat' dir='ltr'>fere</span> <span class='ocrx_word' id='word_1_150' title='bbox 400 2281 419 2345; x_wconf 91' lang='lat' dir='ltr'>l.</span> <span class='ocrx_word' id='word_1_151' title='bbox 444 2301 470 2347; x_wconf 91' lang='lat' dir='ltr'>c.</span> <span class='ocrx_word' id='word_1_152' title='bbox 493 2283 664 2344; x_wconf 87' lang='lat' dir='ltr'>memorat:</span> <span class='ocrx_word' id='word_1_153' title='bbox 687 2278 767 2345; x_wconf 73' lang='lat' dir='ltr'>»Der</span> <span class='ocrx_word' id='word_1_154' title='bbox 786 2280 885 2344; x_wconf 89' lang='lat' dir='ltr'>Manu</span> <span class='ocrx_word' id='word_1_155' title='bbox 907 2284 1022 2345; x_wconf 87' lang='lat' dir='ltr'>wusstc</span> <span class='ocrx_word' id='word_1_156' title='bbox 1044 2301 1077 2345; x_wconf 85' lang='lat' dir='ltr'>es</span> <span class='ocrx_word' id='word_1_157' title='bbox 1099 2283 1186 2347; x_wconf 91' lang='lat' dir='ltr'>nicht</span> <span class='ocrx_word' id='word_1_158' title='bbox 1202 2283 1308 2348; x_wconf 85' lang='lat' dir='ltr'>besser</span> 
     </span>
    </p>
   </div>
   <div class='ocr_carea' id='block_1_8' title="bbox 216 2387 1373 2686">
    <p class='ocr_par' dir='ltr' id='par_1_8' title="bbox 216 2387 1373 2686">
     <span class='ocr_line' id='line_1_18' title="bbox 217 2387 1372 2469; baseline 0 -14"><span class='ocrx_word' id='word_1_159' title='bbox 217 2391 284 2455; x_wconf 87' lang='lat' dir='ltr'>und</span> <span class='ocrx_word' id='word_1_160' title='bbox 306 2390 389 2454; x_wconf 89' lang='lat' dir='ltr'>diese</span> <span class='ocrx_word' id='word_1_161' title='bbox 403 2388 593 2453; x_wconf 78' lang='lat' dir='ltr'>autfallende</span> <span class='ocrx_word' id='word_1_162' title='bbox 605 2387 819 2452; x_wconf 87' lang='lat' dir='ltr'>Unkenntniss</span> <span class='ocrx_word' id='word_1_163' title='bbox 830 2387 886 2451; x_wconf 91' lang='lat' dir='ltr'>der</span> <span class='ocrx_word' id='word_1_164' title='bbox 901 2388 1221 2469; x_wconf 87' lang='lat' dir='ltr'>parlamentarischen</span> <span class='ocrx_word' id='word_1_165' title='bbox 1237 2390 1372 2455; x_wconf 78' lang='lat' dir='ltr'>Formen</span> 
     </span>
     <span class='ocr_line' id='line_1_19' title="bbox 218 2494 1373 2572; baseline -0.001 -10"><span class='ocrx_word' id='word_1_166' title='bbox 218 2498 330 2572; x_wconf 75' lang='lat' dir='ltr'>durfte</span> <span class='ocrx_word' id='word_1_167' title='bbox 349 2496 452 2560; x_wconf 88' lang='lat' dir='ltr'>zumal</span> <span class='ocrx_word' id='word_1_168' title='bbox 474 2515 569 2559; x_wconf 87' lang='lat' dir='ltr'>wenn</span> <span class='ocrx_word' id='word_1_169' title='bbox 583 2494 668 2559; x_wconf 88' lang='lat' dir='ltr'>noch</span> <span class='ocrx_word' id='word_1_170' title='bbox 682 2494 782 2561; x_wconf 88' lang='lat' dir='ltr'>andre</span> <span class='ocrx_word' id='word_1_171' title='bbox 794 2494 922 2558; x_wconf 88' lang='lat' dir='ltr'>Griinde</span> <span class='ocrx_word' id='word_1_172' title='bbox 941 2495 1149 2572; x_wconf 88' lang='lat' dir='ltr'>hinzutreten‚</span> <span class='ocrx_word' id='word_1_173' title='bbox 1171 2496 1373 2561; x_wconf 85' lang='lat' dir='ltr'>ehensowohl</span> 
     </span>
     <span class='ocr_line' id='line_1_20' title="bbox 216 2600 1372 2686; baseline -0.003 -16"><span class='ocrx_word' id='word_1_174' title='bbox 216 2605 403 2670; x_wconf 79' lang='lat' dir='ltr'>andrenseits</span> <span class='ocrx_word' id='word_1_175' title='bbox 426 2603 471 2667; x_wconf 87' lang='lat' dir='ltr'>als</span> <span class='ocrx_word' id='word_1_176' title='bbox 491 2603 542 2666; x_wconf 85' lang='lat' dir='ltr'>ein</span> <span class='ocrx_word' id='word_1_177' title='bbox 563 2600 704 2666; x_wconf 89' lang='lat' dir='ltr'>Moment</span> <span class='ocrx_word' id='word_1_178' title='bbox 732 2601 782 2665; x_wconf 73' lang='lat' dir='ltr'>fiir</span> <span class='ocrx_word' id='word_1_179' title='bbox 810 2601 860 2664; x_wconf 88' lang='lat' dir='ltr'>die</span> <span class='ocrx_word' id='word_1_180' title='bbox 880 2601 1052 2666; x_wconf 87' lang='lat' dir='ltr'>Aunahme</span> <span class='ocrx_word' id='word_1_181' title='bbox 1073 2604 1159 2667; x_wconf 90' lang='lat' dir='ltr'>einer</span> <span class='ocrx_word' id='word_1_182' title='bbox 1176 2607 1281 2686; x_wconf 72' lang='lat' dir='ltr'>spater</span> <span class='ocrx_word' id='word_1_183' title='bbox 1301 2623 1372 2668; x_wconf 85' lang='lat' dir='ltr'>ver·</span> 
     </span>
    </p>
   </div>
   <div class='ocr_carea' id='block_1_9' title="bbox 124 2708 1371 2792">
    <p class='ocr_par' dir='ltr' id='par_1_9' title="bbox 124 2708 1371 2792">
     <span class='ocr_line' id='line_1_21' title="bbox 124 2708 1371 2792; baseline -0.002 -16"><span class='ocrx_word' id='word_1_184' title='bbox 124 2722 125 2727; x_wconf 77' lang='grc'>’</span> <span class='ocrx_word' id='word_1_185' title='bbox 216 2712 348 2777; x_wconf 89' lang='lat' dir='ltr'>suchten</span> <span class='ocrx_word' id='word_1_186' title='bbox 362 2709 584 2792; x_wconf 81' lang='lat' dir='ltr'>Nachbildung</span> <span class='ocrx_word' id='word_1_187' title='bbox 605 2708 661 2772; x_wconf 90' lang='lat' dir='ltr'>der</span> <span class='ocrx_word' id='word_1_188' title='bbox 674 2708 847 2773; x_wconf 88' lang='lat' dir='ltr'>Urkunden</span> <span class='ocrx_word' id='word_1_189' title='bbox 867 2708 1043 2774; x_wconf 74' lang='lat' dir='ltr'>benachtet</span> <span class='ocrx_word' id='word_1_190' title='bbox 1065 2711 1191 2774; x_wconf 87' lang='lat' dir='ltr'>werden</span> <span class='ocrx_word' id='word_1_191' title='bbox 1212 2710 1371 2774; x_wconf 75' lang='lat' dir='ltr'>kannam.</span> 
     </span>
    </p>
   </div>
   <div class='ocr_carea' id='block_1_10' title="bbox 217 2815 1373 3221">
    <p class='ocr_par' dir='ltr' id='par_1_10' title="bbox 217 2815 1373 3221">
     <span class='ocr_line' id='line_1_22' title="bbox 297 2815 1372 2901; baseline -0.001 -18"><span class='ocrx_word' id='word_1_192' title='bbox 297 2818 366 2900; x_wconf 84' lang='lat' dir='ltr'>Age</span> <span class='ocrx_word' id='word_1_193' title='bbox 400 2837 477 2881; x_wconf 90' lang='lat' dir='ltr'>uero</span> <span class='ocrx_word' id='word_1_194' title='bbox 512 2817 576 2880; x_wconf 89' lang='lat' dir='ltr'>iam</span> <span class='ocrx_word' id='word_1_195' title='bbox 605 2815 816 2898; x_wconf 82' lang='lat' dir='ltr'>inquiramus,</span> <span class='ocrx_word' id='word_1_196' title='bbox 848 2835 926 2881; x_wconf 89' lang='lat' dir='ltr'>num</span> <span class='ocrx_word' id='word_1_197' title='bbox 955 2817 1086 2882; x_wconf 81' lang='lat' dir='ltr'>insertor</span> <span class='ocrx_word' id='word_1_198' title='bbox 1122 2818 1372 2901; x_wconf 83' lang='lat' dir='ltr'>psephismatum</span> 
     </span>
     <span class='ocr_line' id='line_1_23' title="bbox 218 2923 1373 3007; baseline -0.001 -17"><span class='ocrx_word' id='word_1_199' title='bbox 218 2926 353 2991; x_wconf 88' lang='lat' dir='ltr'>eandem</span> <span class='ocrx_word' id='word_1_200' title='bbox 368 2924 555 3007; x_wconf 83' lang='lat' dir='ltr'>imperitiam</span> <span class='ocrx_word' id='word_1_201' title='bbox 571 2923 724 2988; x_wconf 88' lang='lat' dir='ltr'>sermonis</span> <span class='ocrx_word' id='word_1_202' title='bbox 741 2924 870 2988; x_wconf 85' lang='lat' dir='ltr'>forensis</span> <span class='ocrx_word' id='word_1_203' title='bbox 885 2923 1126 2989; x_wconf 87' lang='lat' dir='ltr'>Atheniensium</span> <span class='ocrx_word' id='word_1_204' title='bbox 1140 2925 1373 2989; x_wconf 88' lang='lat' dir='ltr'>Demosthenea</span> 
     </span>
     <span class='ocr_line' id='line_1_24' title="bbox 217 3031 1372 3121; baseline -0.003 -24"><span class='ocrx_word' id='word_1_205' title='bbox 217 3037 320 3098; x_wconf 87' lang='lat' dir='ltr'>aetate</span> <span class='ocrx_word' id='word_1_206' title='bbox 342 3032 461 3109; x_wconf 84' lang='lat' dir='ltr'>usitati,</span> <span class='ocrx_word' id='word_1_207' title='bbox 490 3050 588 3113; x_wconf 86' lang='lat' dir='ltr'>quam</span> <span class='ocrx_word' id='word_1_208' title='bbox 609 3031 642 3094; x_wconf 93' lang='lat' dir='ltr'>in</span> <span class='ocrx_word' id='word_1_209' title='bbox 664 3031 956 3114; x_wconf 79' lang='lat' dir='ltr'>praescriptionibus</span> <span class='ocrx_word' id='word_1_210' title='bbox 977 3051 1054 3121; x_wconf 79' lang='lat' dir='ltr'>prae</span> <span class='ocrx_word' id='word_1_211' title='bbox 1071 3051 1104 3096; x_wconf 92' lang='lat' dir='ltr'>se</span> <span class='ocrx_word' id='word_1_212' title='bbox 1126 3033 1210 3109; x_wconf 84' lang='lat' dir='ltr'>tulit,</span> <span class='ocrx_word' id='word_1_213' title='bbox 1241 3032 1274 3094; x_wconf 92' lang='lat' dir='ltr'>in</span> <span class='ocrx_word' id='word_1_214' title='bbox 1299 3032 1372 3114; x_wconf 84' lang='lat' dir='ltr'>ipsis</span> 
     </span>
     <span class='ocr_line' id='line_1_25' title="bbox 217 3137 793 3221; baseline -0.007 -17"><span class='ocrx_word' id='word_1_215' title='bbox 217 3139 349 3204; x_wconf 87' lang='lat' dir='ltr'>decretis</span> <span class='ocrx_word' id='word_1_216' title='bbox 371 3137 595 3221; x_wconf 87' lang='lat' dir='ltr'>componendis</span> <span class='ocrx_word' id='word_1_217' title='bbox 615 3137 793 3201; x_wconf 89' lang='lat' dir='ltr'>ostenderit.</span> 
     </span>
    </p>
   </div>
   <div class='ocr_carea' id='block_1_11' title="bbox 0 0 1532 4706">
    <p class='ocr_par' dir='ltr' id='par_1_11' title="bbox 0 0 1532 4706">
     <span class='ocr_line' id='line_1_26' title="bbox 0 0 1532 4706; baseline 0 1"><span class='ocrx_word' id='word_1_218' title='bbox 0 0 1532 4706; x_wconf 95' lang='lat' dir='ltr'> </span> 
     </span>
    </p>
   </div>
   <div class='ocr_carea' id='block_1_12' title="bbox 1524 1375 1529 2353">
    <p class='ocr_par' dir='ltr' id='par_1_12' title="bbox 1524 1375 1529 2353">
     <span class='ocr_line' id='line_1_27' title="bbox 1524 1375 1529 2353; baseline 0 0"><span class='ocrx_word' id='word_1_219' title='bbox 1524 1375 1529 2353; x_wconf 95' lang='lat' dir='ltr'> </span> 
     </span>
    </p>
   </div>
  </div>
 </body>
</html>
