3054 4706
779 369 816 432 16

217 546 451 623 nominatiuum
473 542 581 627 γνώμη
602 544 788 622 exhibeant,
820 548 914 611 etiarn
944 546 977 609 in
1003 548 1133 612 decretis
1160 547 1307 611 orationis
1336 548 1376 611 de

217 672 333 716 corona
354 653 583 729 nominalium,
618 673 713 734 quem
744 654 806 717 iam
829 653 981 735 Taylorus
1009 658 1040 717 et
1061 655 1203 718 Bromius
1232 655 1265 717 in
1295 652 1375 735 §75

218 764 411 838 maluerunt,
444 761 667 841 praeferendus
697 760 774 823 mihi
806 761 932 826 uidetur
964 781 1046 839 esse,
1085 762 1269 844 praesertim
1302 780 1375 825 cum

218 870 354 952 optimus
384 866 531 930 codex}
557 865 632 947 1ηὲ
657 867 714 930 116
743 862 777 930 re
809 888 886 932 uera
915 869 999 932 hanc
1028 870 1163 932 formam
1197 868 1303 933 tradat
1325 870 1336 948 (
1355 869 1374 932 f.

219 996 301 1059 quae
323 973 447 1038 Boeckh
469 973 511 1036 ad
530 971 564 1036 C.
587 973 607 1035 l.
625 972 675 1036 Gr.
693 974 719 1036 Π
738 994 768 1036 n.
788 975 870 1038 aaut
891 976 1046 1058 exposuit;
1071 995 1176 1057 opusc.
1198 975 1248 1038 IV.
1269 996 1299 1055 p.
1315 976 1375 1038 275

220 1103 294 1147 ann.
315 1083 347 1157 5;
377 1101 407 1162 p.
430 1081 503 1158 338,
525 1099 599 1145 ann.
622 1081 650 1143 1.
686 1081 830 1146 Voemel:
853 1083 895 1146 ad
917 1082 934 1163 ἓ
958 1084 1011 1160 75,
1038 1103 1112 1146 ann.
1135 1084 1171 1159 73
1202 1081 1282 1163 ad§
1307 1084 1374 1160 116,

219 1209 293 1253 ann.
316 1187 356 1269 3).
1229 1225 1231 1229 .

297 1294 380 1358 Finis
417 1294 614 1358 decretorum
657 1313 745 1357 more
784 1294 879 1358 attico
917 1295 1049 1359 efficitur
1079 1297 1374 1377 significatione

218 1403 428 1485 rogatoris:
452 1399 541 1463 d...
557 1391 660 1463 εἶπεν.
699 1401 788 1479 Quae
802 1402 997 1465 consuetudo
1011 1423 1208 1486 quamquam
1220 1404 1252 1466 in
1267 1403 1374 1486 pleris-

219 1531 280 1595 que
301 1510 426 1592 quidem
440 1508 659 1590 psephismatis
684 1510 878 1586 obseruator,
902 1512 1010 1572 tamen
1024 1510 1197 1592 neglegitur
1219 1512 1251 1574 iu
1271 1509 1308 1591 §d
1324 1511 1373 1573 75.

218 1620 266 1683 84.
297 1617 363 1680 116.
420 1616 502 1679 Nam
538 1616 675 1695 primum
709 1636 782 1679 cum
810 1636 954 1679 sermone
988 1617 1103 1680 forensi
1133 1618 1374 1682 Atheniensium
1415 1600 1418 1610 ‘

217 1745 335 1790 nomen
362 1723 436 1803 legis
464 1723 569 1786 latoris
597 1725 629 1785 in
659 1721 676 1804 ξ
699 1724 737 1786 75
764 1726 834 1804 post
860 1725 961 1805 ipsum
992 1723 1154 1788 decretum
1186 1724 1374 1788 collocatum

218 1853 282 1897 non
304 1831 455 1911 congruit.
497 1829 613 1912 Neque
642 1830 744 1893 minus
776 1831 882 1912 inepte
911 1831 1013 1893 eidem
1042 1832 1161 1895 nomini
1190 1831 1373 1912 significatio

218 1939 323 2016 officii,
354 1957 417 2020 quo
438 1939 564 2016 rogator
584 1926 708 2000 functus
730 1940 776 1999 est
800 1936 1033 2018 (πρόεδρος),
1056 1939 1191 2002 additur.
1233 1937 1374 2014 Quicun-

218 2067 280 2130 que
302 2045 386 2108 enim
407 2043 540 2107 Athenis
570 2044 764 2125 rogationem
795 2043 837 2107 ad
864 2044 1017 2125 populum
1038 2046 1124 2122 tulit,
1153 2045 1228 2108 ciuis
1249 2044 1374 2107 habitus

219 2155 356 2234 cinisque
375 2150 571 2227 nominibus,
594 2151 612 2212 i.
635 2170 660 2212 e.
682 2151 810 2213 nomine
833 2152 929 2231 patris
949 2156 980 2214 et
1004 2152 1174 2228 demotico,
1198 2153 1375 2235 appellatus

219 2265 279 2339 est,
307 2277 410 2340 neque
432 2276 589 2339 unquam,
621 2260 779 2338 quantum
799 2258 874 2334 scio,
904 2277 985 2321 »uox
1006 2256 1164 2339 πρόεδρος
1187 2258 1248 2338 (uel
1270 2256 1373 2338 simil.)

217 2369 286 2433 ideo
308 2365 450 2448 apposita
472 2368 528 2442 est,
550 2364 634 2446 quod
656 2364 740 2427 idem
762 2364 809 2427 uir
822 2363 957 2429 alterum
972 2365 1134 2428 decretum
1148 2365 1277 2446 scripsit,
1300 2384 1373 2429 cum

217 2475 367 2559 proddrus
394 2492 459 2535 non
487 2474 583 2534 esset«
611 2470 824 2548 (Boelmeckez
852 2470 1075 2551 Forschungen
1099 2475 1156 2534 etc.
1185 2492 1214 2552 p.
1235 2472 1304 2534 483.
1335 2472 1373 2535 ci.

218 2581 346 2647 Voemel
368 2579 409 2643 ad
429 2579 460 2641 h.
482 2576 525 2658 l.).
566 2577 685 2641 Deinde
707 2577 738 2639 in
760 2576 777 2656 ὅ
801 2577 906 2658 84191
928 2577 1003 2658 381)
1033 2597 1150 2641 nomen
1173 2579 1246 2659 legis
1267 2579 1374 2643 latoris

219 2691 250 2755 in
280 2689 342 2752 line
375 2685 654 2768 praescriptionum
684 2684 821 2765 positum
851 2683 980 2747 moleste
1010 2685 1067 2766 ipsi
1105 2685 1230 2748 decreto
1260 2686 1373 2749 iterum

219 2795 415 2877 adiungitur,
447 2793 532 2875 quod
560 2810 639 2856 num
668 2790 864 2871 neglegentia
894 2791 1009 2854 hbrarii
1031 2792 1151 2855 sactum
1173 2793 1211 2855 sit
1233 2791 1374 2874 (Voemel

218 2904 250 2967 in
273 2922 375 2985 progr.
405 2900 498 2976 1813,
518 2919 547 2981 p.
562 2898 602 2978 d)
625 2898 756 2990 dubium
776 2889 900 2961 uidetur
923 2917 1005 2975 esse,
1028 2919 1100 2962 cum
1123 2918 1232 2963 onmes
1253 2899 1375 2964 codices

219 3011 326 3074 uerba
340 3009 391 3071 illa
414 3008 566 3089 repetant.
609 3003 691 3067 Turn
713 3005 829 3069 haereo
853 3006 885 3068 in
915 3005 1119 3069 collocatione
1139 3006 1227 3069 uerbi
1249 2996 1373 3085 εἶπεν,

219 3116 304 3200 quod
325 3116 357 3178 in
378 3114 395 3195 ἓ
420 3115 476 3176 116
497 3112 618 3176 nomini
639 3112 789 3192 rogatoris
809 3109 972 3191 (Καλλίας,
996 3111 1183 3195 nordgau)
1206 3113 1372 3190 antecedit,

218 3243 291 3288 cum
313 3223 346 3285 in
366 3220 452 3284 nullo
474 3219 609 3300 genuino
631 3218 754 3281 decreto
772 3218 824 3281 illa
843 3220 941 3282 uerba
962 3218 1023 3282 alia
1043 3220 1163 3283 ratione
1183 3220 1374 3284 collocentur

218 3331 276 3395 nisi
305 3329 381 3393 hac:
412 3326 510 3389 ὁ...
534 3316 628 3387 εἶπεν
656 3324 704 3404 (ci.
733 3325 832 3389 Franz
858 3347 888 3407 p.
912 3326 980 3389 aad.
1011 3326 1044 3390 G.
1068 3325 1088 3388 l.
1117 3326 1169 3390 Gr.
1192 3326 1217 3403 l,
1240 3347 1293 3390 nn.
1322 3327 1373 3404 96,

221 3439 288 3515 105,
314 3437 381 3513 108,
406 3435 473 3511 111,
498 3434 564 3522 113,
591 3433 649 3495 rm
670 3431 750 3512 etc).

300 3543 428 3618 Omnia,
450 3560 532 3623 quae
553 3540 706 3603 hactenus
725 3540 871 3616 bactani,
899 3539 1012 3601 talibus
1034 3538 1164 3603 decretis
1183 3539 1374 3620 praescripta

219 3655 324 3727 erant,
359 3667 441 3731 quae
475 3648 619 3711 contione
650 3646 787 3727 legitima
820 3644 926 3727 populi
958 3645 1066 3709 habita
1100 3647 1373 3726 componerentur.

218 3758 386 3822 Contiones
417 3757 525 3817 autem
556 3752 797 3816 Atheniensium
836 3771 901 3814 non
937 3751 1038 3814 solum
1074 3754 1166 3815 erant
1196 3751 1375 3815 ordinariae

219 3863 392 3947 (ἐκκλησίαι
414 3859 519 3942 κύριαι
546 3860 595 3923 uel
627 3856 784 3939 νόμιμοι),
812 3859 867 3922 sed
896 3858 992 3923 etiam
1026 3858 1291 3923 extraordinariae
1322 3856 1373 3938 (cl.

218 3973 436 4037 Schoemann:
466 3967 586 4032 Griech.
609 3966 756 4042 Alterth.,
776 3965 824 4028 ed.
845 3966 881 4041 8,
912 3964 991 4027 Berl.
1018 3965 1105 4042 1861,
1128 3965 1149 4042 Ι,
1171 3985 1201 4046 p.
1226 3965 1285 4028 393
1304 3961 1374 4045 sq).

218 4079 261 4143 Ut
281 4078 411 4142 decretis
433 4095 472 4139 ex
493 4075 549 4138 illis
563 4072 707 4156 profectis
725 4071 811 4135 haud
825 4088 915 4133 raro:
938 4067 1089 4151 ἐκκλησία
1109 4075 1201 4151 κυρία
1222 4071 1376 4152 praescri·
1441 4128 1444 4133 ,

219 4186 362 4264 bebatur,
379 4185 424 4249 ita
435 4186 683 4248 consentaneum
699 4183 754 4257 est,
770 4179 801 4241 in
815 4177 1110 4260 praescriptionibus
1123 4177 1373 4260 psephismatum
