3054 4706
800 401 839 466 88

243 581 296 643 καὶ
314 580 388 654 νοάς
410 575 520 661 ὅρκους
533 580 783 662 ἀπολαμβάνειν
801 581 879 644 etin
895 577 913 661 ἓ
929 579 983 643 87ε
1006 578 1102 640 πλεῖν
1118 576 1174 639 ἐπὶ
1189 574 1262 648 τούς
1273 573 1401 653 τόπους,

245 687 280 749 ἐν
303 679 349 761 οἷς
368 685 411 749 ἀν
438 677 460 772 ᾗ
482 687 658 765 Φίλιππος,
683 687 737 749 καὶ
758 688 832 760 νοάς
854 682 965 765 ὅρκους
990 684 1051 765 mir·
1071 688 1227 765 ταχίστην
1252 681 1401 761 ἀπολαμ-

244 793 357 875 βάνειν
379 794 623 858 enuntiaueratt
664 795 778 858 Nonne
792 792 1018 859 Demosthenes
1039 791 1121 868 dicit,
1143 809 1210 855 sese
1231 793 1401 870 utrumque

244 901 347 964 locum
369 920 406 965 ex
429 900 573 979 decreto,
602 901 687 982 quod
708 902 773 983 ipse
793 905 977 981 negauerat,
1006 898 1172 981 petiuisset
1215 896 1307 973 Quod
1329 914 1402 959 cum

244 1006 288 1070 ita
308 1007 356 1085 sit,
373 1027 446 1071 cum
468 1008 565 1071 uerba
587 1007 639 1071 illa
658 1008 724 1071 sine
746 1008 842 1071 dubio
863 1007 895 1070 in
916 1008 984 1089 ipsa
1006 992 1168 1087 rogatione
1182 1000 1402 1077 Demosthenis

244 1112 348 1176 locum
376 1113 546 1179 habuerint
573 1115 748 1196 eademque
777 1114 840 1178 fere
873 1133 989 1196 paruas
1019 1111 1148 1195 quidem
1178 1109 1233 1199 sed
1262 1108 1403 1191 proprias

245 1219 448 1299 digressiones
470 1221 653 1302 praebentia
674 1220 706 1283 in
724 1220 951 1302 psephismate,
981 1219 1103 1300 dequo
1125 1217 1242 1298 agitur,
1271 1216 1403 1290 exstent,

246 1325 314 1406 quis
334 1329 390 1403 est,
413 1328 466 1410 qui
489 1327 605 1403 credat,
627 1327 754 1390 easdem
776 1326 966 1389 elocutiones
985 1325 1080 1389 etiam
1100 1324 1133 1386 in
1154 1323 1252 1386 altero
1276 1321 1404 1384 decreto

180 1447 182 1451 ’
245 1431 352 1495 multis
372 1433 463 1495 annis
485 1436 555 1515 post
576 1435 719 1511 exarato,
741 1432 773 1495 id
793 1431 878 1513 quod
899 1431 1040 1508 Boeckh,
1062 1428 1198 1507 Voemei,
1217 1425 1404 1492 Boehnecke

246 1538 372 1614 uolunt,
400 1539 515 1603 fuisse?
562 1539 663 1603 Immo
692 1539 791 1602 multo
819 1538 1016 1602 uerisimilius
1038 1538 1163 1601 uidetur
1191 1555 1274 1612 esse,
1301 1533 1405 1597 uirum

246 1643 407 1724 quendam
437 1646 678 1726 grammaticum
704 1645 755 1709 uel
785 1647 944 1710 rhetorem
975 1644 1074 1709 uerba
1103 1643 1154 1708 illa
1183 1639 1403 1706 Demosthenis

221 1735 231 1757 ⁴
247 1751 289 1814 ad
301 1750 481 1853 decretum,
494 1753 580 1834 quod
593 1752 745 1818 traditum
760 1773 825 1817 non
845 1756 921 1829 erat,
944 1750 1199 1834 componendum
1215 1747 1405 1823 adhibuisse,

248 1857 361 1939 quibus
381 1858 517 1940 speciem
537 1860 678 1924 ueritatis
696 1860 832 1942 fideique
854 1859 990 1922 efficeret
1011 1846 1061 1940 (cf.
1076 1858 1217 1940 Droysen
1231 1856 1255 1932 I,
1275 1875 1305 1937 p.
1320 1851 1404 1933 911).
1513 1911 1514 1914 ,

247 1962 337 2041 Quae
357 1967 511 2030 sententia
532 1986 569 2030 eo
592 1967 723 2045 fulcitur,
746 1967 832 2050 quod
852 1965 1083 2030 Demosthenea
1102 1964 1155 2029 illa
1175 1962 1341 2027 enuntiata
1363 1961 1405 2024 ab

247 2069 396 2135 insertore
413 2091 478 2135 non
499 2074 574 2137 satis
594 2074 752 2139 intellecta
773 2078 870 2156 atque
889 2073 972 2137 maie
987 2073 1182 2136 commutata
1196 2072 1278 2134 sunt.
1322 2065 1405 2132 Nam
1512 2160 1513 2163 Ἴ

249 2177 386 2258 primum
408 2179 539 2243 offendit
558 2182 712 2244 uerbum:
1379 2192 1382 2197 “

330 2283 565 2365 ἀποδημεῖν,
590 2288 639 2351 cui
661 2288 869 2352 Athenienses
887 2287 1105 2351 Demosthenis
1126 2288 1229 2349 aetate
1250 2303 1316 2348 non
1339 2282 1405 2346 uim

249 2389 472 2470 proficiscendi,
495 2412 578 2473 quae
599 2393 742 2457 hocloco
763 2395 829 2457 sine
847 2395 942 2458 dubio
960 2394 1057 2458 uerbo
1072 2393 1161 2469 inest,
1183 2392 1406 2465 attribuerunt,

248 2496 304 2559 sed
323 2496 582 2576 significationem
612 2500 792 2564 »absentem
815 2521 898 2564 esse«
923 2501 1180 2581 assignauerunt‚
1209 2517 1292 2580 quae
1320 2495 1406 2561 notio

249 2601 322 2664 satis
343 2606 430 2684 patet
452 2623 490 2666 ex
505 2604 593 2668 Dem.
615 2606 692 2686 περὶ
714 2629 790 2686 παρ.
812 2606 890 2687 §dt
913 2607 1058 2670 Aeschin.
1079 2626 1103 2669 o
1120 2606 1201 2670 Ctes.
1221 2603 1239 2684 5
1256 2604 1295 2668 68
1316 2604 1406 2668 Deru.

250 2729 275 2771 c.
297 2708 412 2791 Polycl.
436 2709 454 2790 5
475 2711 504 2773 9.
527 2711 621 2774 Arist.
644 2713 718 2776 nub.
744 2713 812 2776 371.
834 2713 913 2776 Xen.
930 2712 1001 2795 Cyr.
1022 2712 1085 2787 vlt,
1105 2714 1134 2789 5,
1155 2712 1205 2788 69,
1227 2712 1321 2774 anab.
1344 2708 1406 2786 VII,

250 2815 279 2890 8,
300 2815 330 2876 4.
352 2815 445 2879 Plato
467 2816 542 2881 Crit.
563 2819 603 2881 53
625 2819 663 2896 A,
684 2819 803 2882 Phaed.
828 2820 865 2882 61
889 2819 925 2881 D.
949 2820 986 2882 cf.
1008 2809 1124 2881 Herod.
1146 2817 1169 2894 1,
1191 2819 1243 2895 89,
1264 2816 1316 2894 IX,
1337 2816 1405 2880 117.

250 2918 386 2984 Pindar:
417 2922 452 2984 Ρ.
473 2922 516 2999 X,
535 2923 583 2987 37.
634 2924 739 3001 Quare
761 2926 792 2988 in
815 2945 891 2988 uero
913 2924 1038 2988 decreto
1061 2945 1119 3006 pro
1139 2923 1325 3007 ἀποδημεῖν
1345 2924 1407 2987 uti·

251 3046 313 3108 que
334 3027 419 3090 aliud
440 3028 575 3092 uerbum
595 3050 651 3094 seu
672 3031 838 3095 ἀποπλεῖν
853 3031 903 3095 uei
925 3031 1020 3094 πλεῖν
1042 3032 1144 3112 (Dem.
1158 3032 1197 3095 de
1213 3051 1275 3094 cor.
1296 3027 1334 3111 §fi
1355 3031 1405 3093 85.

250 3132 299 3194 87.
323 3132 397 3212 περὶ
420 3155 497 3212 παρ.
520 3133 557 3215 ἐξ
581 3137 648 3199 150.
672 3137 739 3200 164.
770 3139 841 3217 181)
870 3157 926 3201 seu
954 3137 1087 3200 ἀπιέναι
1108 3137 1208 3218 (Dem.
1231 3138 1306 3216 περὶ
1327 3158 1405 3216 παρ.

250 3237 268 3318 ἕ
293 3239 361 3301 164.
382 3239 496 3303 Aesch.
518 3242 593 3322 περὶ
615 3265 692 3321 παρ.
716 3243 801 3325 691)
821 3264 876 3308 seu
899 3244 1063 3307 ἀπελθεῖν
1086 3246 1158 3323 πλῷ
1179 3242 1353 3323 (ὑπόθεσις
1376 3243 1406 3324 ff

250 3364 295 3410 or.
317 3344 405 3426 Depr.
427 3347 502 3426 περὶ
526 3370 602 3429 παρ.
625 3349 643 3431 ὅ
667 3350 697 3432 7)
718 3353 855 3433 positum
877 3353 935 3415 fuit
957 3352 1005 3432 (ci.
1028 3352 1179 3434 Spengel:
1201 3350 1279 3414 Mus
1301 3351 1405 3414 Rhen.

250 3451 284 3528 11,
310 3472 339 3533 p.
359 3453 428 3517 386.
458 3454 573 3528 Bahius
600 3456 642 3520 ad
669 3458 776 3539 Apsin.
805 3479 835 3540 p.
860 3458 940 3540 179).
988 3460 1155 3523 Praeterea
1189 3479 1262 3522 cum
1290 3458 1406 3521 Demo-

249 3558 375 3624 sthenes
400 3563 432 3624 et
462 3562 494 3625 in
522 3560 540 3643 fi
569 3564 608 3627 a5
638 3568 669 3628 et
696 3565 728 3627 in
757 3563 836 3646 §rt
865 3570 1088 3646 argunrentum
1118 3565 1233 3629 decreti
1269 3566 1406 3629 referens

250 3665 353 3730 uerbis
375 3668 444 3730 ἐπὶ
466 3671 556 3743 code
577 3650 734 3749 idaeos,
758 3673 798 3733 ἐν
816 3663 874 3745 οἷς
890 3668 936 3734 ἀν
956 3671 1021 3734 κιὲ.
1038 3677 1154 3748 utatur,
1177 3672 1406 3737 coniiciendum

250 3777 306 3852 est,
333 3795 371 3839 ea
400 3776 467 3858 ipsa
487 3777 590 3843 locum
613 3779 782 3842 obtinuisse
805 3779 836 3841 in
866 3781 990 3843 decreto
1013 3799 1070 3861 pro
1098 3775 1197 3840 ὅπου
1227 3776 1278 3841 ἀν
1308 3773 1406 3843 ὄντα

248 3880 324 3960 πεῖ,
342 3903 424 3965 quae
445 3886 543 3948 uerba
565 3886 595 3948 in
621 3884 694 3965 §aa
714 3886 870 3967 leguntur.
915 3886 1055 3963 Accedit,
1078 3886 1163 3967 quod
1185 3905 1231 3963 ea,
1255 3907 1336 3970 quae
1356 3906 1405 3951 se·

250 3992 391 4068 quuntur
476 3992 535 4052 καὶ
559 3991 705 4071 δοῦναι,
735 3994 864 4056 omnino
885 4012 1120 4075 superuacanea
1147 3997 1221 4057 sunt
1247 3997 1405 4059 tenorem-

249 4115 311 4177 que
340 4096 454 4160 decreti
482 4098 628 4174 turbant,
658 4099 773 4181 quippe
802 4116 873 4163 cum
902 4119 965 4181 pax
992 4100 1034 4163 ab
1066 4101 1310 4165 Atheniensibus
1339 4101 1405 4164 iure

247 4200 381 4267 iurando
410 4201 537 4266 firmata
564 4207 661 4281 esset,
690 4205 791 4273 itaut
823 4207 932 4293 legatis
964 4207 1087 4272 nullum
1117 4208 1304 4272 mandatum
1333 4204 1402 4273 dari
