3054 4706
714 408 863 473 39<

153 587 324 664 cabantur,
352 589 462 650 tamen
489 605 554 649 non
575 587 728 653 traditum
750 589 811 664 est,
840 587 973 651 Athenis
1002 586 1097 649 etiam
1121 588 1267 651 senatum
1289 607 1323 675 a

152 695 336 777 prytanihus
368 698 400 758 et
444 694 576 758 ducibus
620 714 686 758 esse
726 697 878 758 coactum.
932 693 1038 770 Quare
1075 693 1188 758 Reislre
1225 693 1310 759 hanc

152 799 370 865 difficultatem
386 801 568 883 intellegens
591 805 786 883 »prytanes«,
807 800 917 881 inquit,
941 802 992 863 »in
1013 799 1133 863 curiam
1155 800 1309 878 cogebant

151 908 320 981 senatores
341 907 468 986 strategi
483 909 590 969 autem
604 906 729 988 plebem
747 906 802 970 aut
817 906 850 968 in
860 905 999 988 Pnycem
1015 909 1071 968 aut
1085 907 1117 968 in
1139 904 1307 982 theatrum,
1412 993 1418 1001 Ι

151 1013 187 1075 in
207 1013 392 1075 contionem.
436 1012 499 1076 Cur
516 1013 591 1083 alias
607 1015 738 1094 strategi
759 1013 809 1076 hie
831 1013 889 1075 loci
910 1015 1252 1077 commemorarentur?
1279 1017 1311 1079 et

151 1138 173 1183 a
202 1138 265 1202 quo
292 1118 414 1199 legendi
443 1123 534 1185 erant
562 1119 677 1200 legati?
707 1140 727 1184 a
752 1106 880 1196 senatu,
908 1139 952 1182 an
982 1139 1002 1182 a
1029 1119 1144 1201 plebe?
1173 1139 1193 1183 a
1219 1120 1309 1202 plebe

151 1226 269 1307 utique.
319 1225 400 1306 Ergo
420 1227 509 1308 plebs
531 1246 658 1308 quoque
680 1227 853 1290 concienda
873 1229 960 1291 erat«
990 1225 1166 1303 (Schaeferz
1188 1227 1307 1309 Appar.

151 1331 218 1397 erit.
249 1331 288 1407 ll,
329 1352 359 1414 p.
394 1333 473 1411 114).
526 1333 670 1397 Errorem
695 1314 794 1415 igitur
824 1333 960 1399 auctoris
994 1332 1145 1413 corrigere
1181 1336 1309 1401 studens

150 1439 301 1502 lacunam
323 1439 440 1515 statuit,
471 1459 569 1520 quarn
598 1440 695 1503 hocce
714 1440 809 1503 modo
830 1439 948 1521 explet:
979 1434 1068 1511 ὅπως
1095 1438 1115 1520 ἡ
1135 1440 1241 1524 βουλῇ
1257 1443 1310 1507 καὶ

151 1544 171 1605 ὁ
193 1545 293 1626 δῆμος
314 1547 515 1622 συναχθῶσι.
557 1545 628 1622 Qua
649 1547 829 1609 coniectura
849 1565 958 1609 sensus
979 1565 1056 1609 sane
1076 1546 1176 1610 multo
1198 1548 1309 1612 clarior

150 1652 207 1728 nt,
235 1652 418 1733 faciliusque
446 1652 617 1735 explicatur
642 1654 745 1715 forma
772 1644 978 1730 συναχθῶσι,
1006 1671 1078 1716 curn
1106 1654 1307 1734 scriptoribus

151 1758 281 1838 quidem
301 1761 332 1821 et
353 1758 529 1822 rhetoribus
543 1759 646 1822 liceret
665 1757 714 1838 (cl.
726 1759 853 1822 Voemel
864 1759 895 1821 in
909 1760 1106 1840 progn1842
1125 1780 1154 1840 p.
1169 1760 1310 1843 11—1a),

151 1884 227 1928 cum
256 1865 465 1945 singularibus
492 1866 762 1929 substantiuorum
796 1866 1030 1929 multitudinem
1061 1867 1311 1947 significantibus

150 1970 289 2052 plurales
308 1973 477 2035 uerborum
495 1973 694 2052 coniungere,
715 1972 901 2036 accuratiori
915 1976 1023 2037 autem
1037 1975 1143 2053 generi
1157 1976 1310 2040 scribendi

149 2078 267 2141 forensi
292 2078 362 2143 talis
391 2081 548 2142 structura
578 2097 643 2142 non
665 2080 780 2142 idonea
808 2078 967 2141 uideretur
997 2098 1078 2155 esse,
1107 2080 1310 2159 nihilominus

150 2203 230 2248 uero
250 2189 382 2247 manent
403 2185 539 2267 scrupuli
561 2186 701 2267 quidam,
731 2185 892 2267 quintilla
915 2185 1135 2249 emendatione
1157 2189 1312 2252 remoueri

149 2291 280 2374 possint.
329 2291 483 2356 Cohaeret
511 2293 606 2357 enim‘
623 2292 793 2356 arctissime
821 2311 894 2355 cum
927 2292 988 2355 hoc
1014 2293 1137 2357 decreto
1168 2299 1311 2359 senatus-

150 2398 340 2475 consultum,
360 2398 446 2480 quod
462 2399 493 2461 in
516 2398 534 2478 ἓ
550 2399 589 2462 75
602 2399 769 2480 reperitur:
792 2398 824 2462 id
841 2399 926 2480 quod
948 2399 1082 2480 populus
1101 2400 1153 2463 illo
1172 2401 1310 2479 iusserat,

149 2505 213 2569 hoc
251 2504 421 2569 conficitur.
482 2502 620 2585 Populus
658 2505 789 2567 ducibus
828 2508 859 2567 et
899 2506 1083 2587 prytanibus
1123 2507 1310 2571 mandatum

150 2611 298 2686 dederat,
327 2614 476 2675 senatum
505 2630 680 2674 conuocare
710 2611 893 2692 legatosque
923 2631 1029 2676 creare
1058 2612 1311 2696 (ἐπιμεληθῆναι

149 2715 209 2778 κτὲ
236 2764 264 2777 ..
293 2716 347 2780 καὶ
380 2715 540 2795 αἱρεθῶσι
570 2722 722 2797 πρέσβεις
753 2718 835 2796 πρός
871 2716 1066 2799 Φίλιππον),
1099 2724 1259 2784 senatores
1292 2742 1312 2785 a

151 2824 285 2888 ducibus
308 2828 338 2887 et
358 2825 544 2907 prytanibus
567 2826 666 2888 coacti
687 2824 718 2905 (ξ
741 2827 796 2889 75:
819 2825 934 2908 βουλῆς
955 2823 1073 2907 γνώμῃ,
1096 2825 1312 2906 πρυτάνεις

143 2931 217 3001 ,καὶ
248 2932 462 3012 στρατηγοὶ
496 2930 716 3013 ἐχρημάτισαν
754 2932 796 2993 col
837 2933 872 2994 ἐκ
916 2935 972 3014 τῆς
1013 2932 1109 3014 anxi.)
1149 2933 1313 2999 uoluntate

151 3037 260 3121 populi
292 3034 355 3118 (dn
382 3038 495 3112 ἔδοξεν
522 3036 697 3120 τῷδήμῳ)
724 3039 881 3102 delectum
909 3039 1085 3119 legatorum
1106 3039 1225 3103 habent
1246 3040 1312 3120 (καὶ

151 3142 278 3206 εἵλοντο
300 3142 441 3226 τούσδε).
490 3146 601 3227 ltaque
626 3165 698 3212 cum
721 3150 830 3208 auctor
850 3146 882 3209 in
904 3145 922 3225 ἓ
945 3147 983 3208 75
1005 3146 1037 3209 in
1060 3146 1187 3224 eodem,
1217 3167 1313 3228 quern

151 3253 186 3317 in
208 3250 246 3332 ἐξ
270 3252 393 3315 73-74
414 3251 594 3327 declarauit,
617 3271 721 3314 errore
740 3255 892 3327 uersetur,
914 3271 978 3315 non
1001 3256 1056 3329 est,
1081 3252 1166 3334 quod
1188 3254 1314 3317 Reiskio

151 3359 368 3442 astipulernur.
417 3358 518 3434 Adde,
550 3358 636 3439 quod
669 3358 760 3421 lectio
783 3355 870 3430 ὅπως
900 3358 921 3440 ἡ
950 3358 1051 3441 βουλή
1083 3361 1136 3425 καὶ
1167 3360 1185 3421 ὁ
1213 3361 1312 3442 δῆμος

152 3468 347 3544 συναχαῶαι
367 3470 434 3529 tarn
461 3467 594 3529 uerbosa
615 3470 676 3543 est,
699 3471 733 3528 ut
753 3468 806 3529 uix
827 3467 1151 3549 comprehendamus,
1179 3487 1235 3531 cur
1257 3488 1314 3549 pro

149 3574 291 3656 rlssovtrl
311 3573 365 3634 καὶ
385 3571 403 3634 o‘
425 3573 526 3654 δῆμος
546 3592 611 3636 non
633 3572 653 3654 ἡ
677 3572 829 3653 ἐκκλησία
856 3574 977 3638 dictum
1006 3575 1053 3637 sit.
1096 3575 1313 3651 Quamobrem

152 3685 265 3744 auctor
286 3681 338 3744 illa
365 3681 521 3744 locutione
546 3681 687 3744 inst'tuta
718 3700 884 3761 moresque
906 3681 1145 3744 Atheniensium
1168 3681 1312 3762 neglexit,

154 3807 230 3853 curn
247 3787 302 3850 soli
318 3791 467 3868 prytanes
481 3791 627 3850 senatum
642 3790 798 3867 cogerent,
820 3787 909 3850 laesit
930 3807 1108 3851 sermonem
1124 3787 1311 3865 iudicialem,

130 3893 229 3957 ¹cum
250 3893 405 3974 pluralem
427 3896 621 3971 συναχθῶαι
642 3914 697 3974 pro
719 3894 870 3975 singulari
891 3898 1030 3976 poneret.

236 3999 339 4062 Etiam
361 4000 458 4062 uerba
487 3997 677 4080 atessam
705 4003 893 4079 πρέσβεις
914 3998 979 4061 nce.
999 4000 1188 4080 imperitiam
1209 4023 1311 4084 quan-

152 4108 230 4170 dam
256 4107 490 4170 consuetudinis
519 4108 633 4169 atticae
658 4106 887 4169 demonstrant.
930 4106 1208 4181 Quemadmodum
1230 4111 1315 4172 enim

42 4248 46 4257 ‚
152 4234 275 4280 nouum
290 4217 345 4292 est,
358 4214 443 4295 quod
454 4213 579 4276 senatui
592 4232 668 4276 cura
683 4213 855 4293 legatorum
872 4214 1080 4276 creandorum
1093 4214 1314 4294 demandatur,
