3054 4706
816 402 859 466 st

256 580 758 668 qrramaudiueriteumsingulas
765 578 1189 663 quoqueGraccornmurbes
1196 578 1403 644 colonisltaoe

256 689 378 754 donum
398 688 637 770 hequentasse?
664 686 797 764 Quodsi
813 705 846 750 re
864 706 942 750 uera
960 687 1079 753 factum
1099 692 1156 764 est,
1179 686 1260 752 tanti
1271 684 1405 751 momenti

256 799 335 872 erat,
357 798 394 858 ut
414 794 642 859 Demosthenes
660 796 745 858 certe
766 792 903 857 colonias
927 794 995 858 illas
1022 795 1198 859 accuratius
1221 792 1405 875 designasset

341 899 436 979 Quod
468 901 512 965 ad
547 900 754 964 sententiam:
789 897 906 961 οὐδὲν
948 900 1159 981 ἀλλότριον
1199 902 1332 961 ποιῶν
1358 893 1406 959 ni.

256 1007 389 1084 attinet,
408 1006 636 1071 Demosthenes
654 1024 747 1082 sane,
768 1007 794 1068 si
813 1005 944 1088 quando
965 1006 1157 1071 contumelia
1176 1004 1408 1071 Atheniensibus

257 1133 278 1178 a
298 1112 446 1195 Philippo
466 1113 613 1194 imposita
633 1110 780 1175 incensus
801 1113 978 1177 orationem
998 1111 1120 1190 hahuit,
1140 1112 1218 1177 talia
1238 1111 1337 1195 loqui,
1358 1111 1407 1174 hoc
1448 1118 1452 1129 '

256 1220 354 1284 modo
376 1219 473 1293 iram,
501 1237 568 1300 qua
588 1221 766 1280 commotus
785 1221 873 1295 erat,
901 1217 1062 1282 effundere
1082 1218 1201 1301 potuit,
1230 1238 1292 1283 nec
1313 1222 1408 1282 11111111
1454 1267 1456 1292 ζ

256 1325 477 1409 accipiendum
490 1326 548 1401 ost,
570 1325 604 1387 in
616 1323 695 1404 lege,
717 1324 750 1387 in
764 1323 949 1407 populiscitu
963 1324 1204 1389 Atheniensium
1224 1325 1286 1389 hac
1301 1324 1410 1389 ratione

256 1435 289 1496 et
309 1430 554 1495 Atheniensibus
581 1432 612 1492 et
633 1427 847 1493 Demosthene
874 1429 1013 1511 indigna,
1034 1433 1184 1494 naturam
1206 1435 1238 1495 et
1261 1431 1410 1513 ingenium

256 1537 392 1620 Philippi
411 1539 525 1600 notata
539 1554 616 1599 esse.
659 1533 766 1613 Quare
778 1534 863 1598 hanc
874 1535 1064 1599 locutionem
1080 1554 1146 1600 non
1155 1537 1261 1601 minus
1282 1534 1411 1602 crassiori

254 1643 408 1709 seriorum
435 1643 600 1707 rhetorum
629 1643 734 1725 sapori
761 1642 949 1724 respondere
969 1644 1120 1720 arbitror,
1149 1663 1249 1726 quam
1266 1643 1317 1708 ille
1337 1644 1411 1708 locus

256 1751 449 1826 communiS,
470 1748 713 1826 utilradum,
736 1747 985 1830 ἐπιλελησμὼυς
1005 1784 1044 1794 -
1066 1757 1174 1830 gntae.

339 1856 375 1918 ln
397 1854 415 1936 ἕ
434 1855 492 1919 183
506 1856 571 1919 iam
584 1855 708 1932 Reiske,
723 1854 939 1933 Wunderlich,
955 1856 1114 1935 Schaefer,
1129 1857 1268 1934 Voemel,
1280 1857 1412 1940 Dmysen

256 1962 338 2044 (lp.
354 1960 427 2042 710)
445 1961 533 2025 haud
555 1960 712 2024 inmerito
732 1960 765 2023 in
785 1979 865 2025 uoce
885 1958 990 2035 ἰδίας
1010 1962 1190 2040 haeserunt,
1213 1964 1331 2046 quippe
1348 1981 1413 2028 cum

256 2069 360 2151 primo
373 2068 502 2151 quidem
516 2068 631 2133 obtutu
647 2086 687 2132 ex
698 2066 902 2131 collocatione
917 2068 1088 2133 uerborum
1102 2070 1255 2152 consequi
1265 2069 1413 2143 uuideatur,

255 2195 329 2240 eam
350 2175 394 2239 ad
405 2174 541 2256 Philippi
560 2173 678 2256 oppida
692 2192 759 2237 esse
780 2173 988 2253 referendam,
1007 2195 1103 2240 sensu
1114 2179 1224 2240 autem
1236 2175 1414 2258 postuletur,

255 2285 292 2345 ut
311 2281 554 2346 Atheniensium
574 2280 692 2363 oppida
712 2279 942 2361 intellegantur.
1475 2357 1476 2360 Ἴ

337 2388 421 2452 Tum
443 2387 575 2452 locutio:
604 2386 772 2461 α’νάξιον
793 2388 860 2467 τῆς
880 2389 955 2448 τῶν
984 2386 1188 2468 προγόνων
1210 2387 1329 2472 δόξης
1348 2407 1415 2453 eam

255 2495 297 2559 oh
318 2514 448 2559 caussam
470 2494 668 2558 dubitatione
684 2512 749 2557 non
767 2497 871 2570 uacat,
894 2494 981 2576 quod
1000 2495 1033 2558 in
1046 2496 1188 2561 eiusdem
1203 2494 1416 2579 psephismatis
1473 2483 1474 2488 ἵ

254 2600 294 2683 §3
311 2601 370 2666 181
391 2605 424 2666 11
446 2602 506 2665 185
528 2603 643 2665 iterum
664 2603 761 2683 atque
783 2601 897 2664 iterum
916 2600 1015 2683 gloria
1035 2604 1193 2667 maiorum
1213 2606 1413 2679 memoratur,

254 2708 333 2771 dum
351 2709 386 2771 in
406 2707 424 2789 ἕ
445 2708 504 2772 186
526 2708 569 2771 ad
591 2727 664 2771 eam
692 2706 915 2770 celebrandam
937 2710 1029 2772 tanta
1050 2709 1196 2774 doctrina
1215 2710 1414 2791 studiumque

255 2813 435 2877 fabularum
455 2817 650 2890 ostentatur,
673 2815 708 2876 ut
729 2814 794 2876 iarn
817 2812 857 2876 H.
878 2814 967 2878 Wolf
985 2815 1088 2879 facere
1110 2836 1176 2880 non
1197 2819 1317 2899 posset,
1341 2817 1415 2898 quin

254 2921 387 2984 diceret:
416 2919 513 3002 quid?
541 2922 566 2984 si
589 2938 699 2983 scurra
730 2919 886 3001 quispiam
912 2919 973 2985 hoc
1001 2923 1122 2985 assuit?
1149 2928 1180 2987 et
1210 2924 1349 3006 Droysen
1383 2921 1415 3004 (l.

254 3048 284 3109 p.
307 3025 381 3107 711)
400 3026 464 3089 tale
485 3026 563 3110 quid
584 3025 727 3090 scholam
748 3025 887 3089 redolere
908 3032 1058 3091 censeret.

335 3132 448 3214 Neque
461 3132 575 3213 legenti
589 3131 667 3195 mihi
682 3129 838 3211 in5184:
859 3130 1100 3212 εὐξαμένους
1120 3137 1185 3198 καὶ
1206 3134 1415 3206 θύσαντας

254 3244 341 3313 τοῖς
362 3242 475 3311 θεοῖς
494 3239 555 3300 καὶ
577 3243 660 3311 τοῖς
680 3234 803 3320 ἥρωσι
823 3240 935 3302 nolum
955 3244 1010 3317 osi,
1031 3242 1239 3307 Athenienses
1257 3243 1313 3306 illis
1337 3246 1413 3305 lem·

252 3346 381 3430 poribus
403 3346 535 3409 uictoria
555 3364 621 3409 non
641 3348 803 3427 reportata
824 3345 947 3426 publice
969 3366 1059 3411 sacra
1085 3349 1193 3413 fecisse
1222 3354 1254 3413 et
1275 3352 1410 3432 precatus

252 3475 333 3532 esse,
365 3458 401 3517 ut
422 3452 473 3517 dei
500 3451 652 3515 auxilium
673 3452 790 3514 ferrent
819 3452 1047 3535 uictoriamque
1068 3455 1192 3519 darent.
1235 3452 1269 3519 Id
1289 3457 1405 3518 tantum

251 3565 385 3638 constat,
407 3579 470 3636 eos,
491 3558 546 3622 uhi
567 3577 716 3639 prospero
739 3558 884 3622 fortunae
904 3560 983 3624 flatu
1006 3563 1053 3624 usi
1074 3566 1158 3639 sunt,
1179 3583 1220 3626 ex
1231 3561 1406 3645 populiscitu

251 3666 486 3751 precationibus
513 3668 545 3728 et
570 3665 727 3728 11111111ἰί1
756 3665 872 3745 gratias
900 3666 956 3729 diis
976 3686 1070 3748 agere
1091 3668 1197 3734 solitos
1226 3670 1315 3734 fuisse
1336 3665 1409 3749 (uid.

251 3776 431 3840 Hermann:
453 3771 568 3835 Lehrb.
590 3770 648 3834 der
668 3771 892 3851 gottcsdienstl.
913 3772 1045 3838 Alterth.
1068 3775 1124 3839 der
1146 3775 1299 3840 Griechen
1320 3772 1339 3854 ἕ
1361 3774 1409 3837 48.

250 3881 470 3948 Schocmann:
493 3877 615 3942 Griech.
639 3876 777 3941 Atterth.
798 3877 833 3952 Π,
855 3878 986 3960 11133).

331 3986 453 4052 Deinde
481 3984 638 4048 Newman
674 3982 774 4065 (class.
801 3982 880 4046 Mus.
910 3985 931 4062 I,
960 4007 991 4067 p.
1022 3987 1093 4068 168)
1123 4007 1181 4052 suo
1218 3991 1283 4053 iure
1310 3988 1412 4050 anim·

250 4094 424 4161 aduertisse
444 4090 522 4154 mihi
544 4090 679 4165 uidetur,
701 4108 795 4154 uoces
812 4089 1042 4173 ἐνθυμηθῆναι
1063 4127 1102 4139 -
1125 4094 1233 4158 διότι
1254 4093 1412 4159 nonsatis

249 4200 405 4270 concinne
425 4196 525 4261 dictas
546 4216 613 4261 esse
635 4215 709 4278 pro:
732 4195 964 4276 ἐνθυμηθῆναι
990 4232 1021 4242 -
1048 4194 1107 4261 ὅτι.
