3054 4706
708 381 749 447 35

146 560 329 642 significatio
358 560 591 626 Demosthenec
622 565 726 628 aetate
749 582 815 626 non
851 562 884 625 in
913 580 1005 626 usum
1038 563 1152 625 uocata
1179 559 1304 625 uidetur

146 687 212 732 esse
235 666 286 749 (es.
304 668 429 732 Boeckh
452 669 495 732 ud
516 668 594 759 C41.
615 669 667 734 Gr.
688 669 710 747 Ι,
732 689 763 733 n.
782 670 850 733 380.
872 668 1013 751 Droysen
1033 668 1055 731 Ι.
1075 688 1105 750 p.
1126 667 1209 749 563).

228 776 464 841 Enumerantur
485 776 598 840 deinde
619 776 731 840 merita
752 775 988 854 Demosthenis,
1010 775 1048 838 do
1071 774 1185 857 quibus
1206 773 1303 839 Ctesi-

145 882 233 965 phon
260 883 479 964 inrogatione
508 883 752 964 praedicanerat.
795 883 980 964 Antequam
1003 881 1045 945 ad
1073 901 1111 946 ea
1139 882 1303 964 ipsacon-

144 989 313 1054 sideranda
334 991 495 1067 accedam,
516 991 785 1072 operaepretium
807 990 873 1069 erit,
897 990 1075 1073 explorare,
1095 1008 1173 1053 num
1195 989 1302 1067 uerba,

146 1096 262 1179 quibus
289 1099 401 1160 auctor
428 1096 460 1160 in
484 1094 522 1177 ἐξ
544 1096 584 1159 54
614 1100 646 1160 et
666 1097 708 1161 55
735 1116 810 1161 usus
830 1099 893 1173 est,
925 1096 1039 1160 eudem
1059 1096 1135 1175 sint,
1163 1114 1246 1179 quae
1265 1116 1304 1160 ex

143 1204 364 1269 Demosthenis
382 1208 414 1268 et
434 1202 598 1267 Aeschinis
619 1204 708 1268 dictis
732 1205 766 1267 in
786 1203 949 1285 rogatione
970 1202 1179 1284 Ctesiphontis
1199 1202 1303 1266 locum

144 1314 323 1377 tenuerunt.
365 1310 471 1375 Liceat
492 1301 602 1392 igitur,
633 1311 771 1393 singulos
792 1330 830 1374 ex
852 1310 1014 1393 utriusque
1034 1310 1165 1374 oratoris
1183 1309 1305 1391 scriptis

143 1418 258 1501 pet‘tos
278 1418 379 1495 locos,
407 1408 556 1500 equibus
576 1417 789 1499 intellegetur,
819 1436 901 1499 quoe
930 1418 993 1481 fere
1014 1417 1112 1481 uerba
1133 1415 1303 1498 Ctesiphon

142 1526 317 1608 usurpauit,
339 1542 537 1606 componere.
579 1525 685 1606 Atque
705 1524 738 1588 in
758 1523 909 1607 principio
929 1543 1034 1607 pono:

226 1632 390 1696 Aeschinis
413 1651 439 1695 c.
462 1631 542 1695 Gtes
564 1630 583 1712 ξ
602 1631 661 1695 49ι
682 1630 765 1711 λέγει
786 1631 846 1712 γοὶρ
868 1627 969 1704 οὕτως
989 1631 1025 1692 ἐν
1045 1632 1092 1710 τῷ
1112 1633 1305 1715 ψηφίσματι

263 1734 320 1801 ὅτι
350 1737 533 1801 διατελεῖ
558 1736 763 1819 λέγωνκαὶ
793 1738 980 1819 πράττων
998 1738 1047 1800 τοὶ
1077 1731 1304 1818 δι’ριστατῷ

143 1845 265 1930 δήμῳ,
287 1865 370 1929 quae
391 1845 434 1909 ad
454 1844 589 1910 uerbum
609 1845 809 1909 consentiunt
827 1863 900 1909 cum
919 1842 957 1926 ἐξ
976 1844 1050 1908 101:
1073 1839 1111 1906 ὅν
1132 1858 1212 1926 φησι
1224 1847 1304 1924 Κτη-

143 1954 251 2036 σιφῶν
363 1949 565 2013 διατελεῖν
594 1950 752 2013 λ..οντοι
779 1975 807 2013 κ.
830 1973 932 2031 ιτρ...
961 1972 1057 2014 οντα
1084 1971 1112 2010 τ.
1141 1942 1199 2030 δίρ.
1223 1971 1250 2010 τ.
1273 1946 1302 2010 δ.

142 2063 195 2140 τῷ
214 2060 427 2142 Ἀθηναίων
450 2060 481 2121 et
502 2059 579 2121 237:
602 2058 638 2120 ἐν
660 2045 907 2142 ᾧτετόλιιηκας
927 2057 1072 2141 γράφειν,
1099 2056 1140 2130 nic
1225 2054 1303 2117 δια-

143 2166 263 2229 τελεῖ
279 2164 307 2229 t.
328 2189 356 2227 κ.
380 2186 442 2247 πρ.
463 2186 491 2227 τ.
513 2159 571 2245 ἄρ.
593 2186 621 2226 τ.
644 2164 673 2227 δ.
695 2187 723 2228 ι.
743 2166 812 2228 Ἀθ.
844 2184 949 2249 neque
974 2166 1111 2230 multum
1132 2164 1304 2229 abhorrent

143 2294 163 2339 u
187 2271 226 2353 ἓξ
245 2274 286 2337 50
307 2266 383 2334 οὔτε
400 2273 459 2334 νῦν
480 2270 664 2334 διατελεῖ
680 2293 742 2355 πρ.
763 2272 812 2334 τοὶ
835 2278 1098 2354 συμφέροντα
1126 2273 1176 2352 τῷ
1196 2268 1303 2353 δήμῳ

141 2383 175 2444 et
191 2379 248 2443 uh:
270 2375 308 2441 ὅν
326 2395 406 2462 φησι
421 2380 595 2462 Κτησιφῶν
610 2376 657 2439 τα
675 2377 867 2459 βέλτιστοι
881 2379 1008 2459 λέγειν
1022 2378 1083 2441 καὶ
1105 2377 1302 2459 πράττειν.

140 2487 254 2569 Neque
273 2485 362 2551 aliter
387 2485 500 2567 legitur
524 2485 557 2548 in
578 2484 796 2549 Demosthenis
825 2505 868 2549 or.
899 2486 1022 2550 decor.
1047 2484 1136 2566 §572
1164 2487 1223 2547 τοῦ
1243 2487 1304 2564 μοι·

141 2582 202 2657 οὖν
228 2591 356 2677 γράψαι
378 2591 610 2673 πράττοντα
631 2592 700 2654 καὶ
720 2592 954 2672 λέγοντατοὶ
976 2592 1170 2674 βέλτιστά
1189 2614 1237 2673 με
1255 2594 1305 2671 τῷ

142 2697 248 2785 δήμῳ
280 2698 492 2777 διατελεῖν,
524 2697 542 2779 ᾗ
570 2699 610 2763 59
639 2697 739 2779 ὁγδρ
769 2696 892 2763 διώκων
922 2699 981 2761 τοτ’
1010 2703 1223 2788 ψηφίσματος
1259 2698 1304 2760 ro*
1390 2732 1397 2743 ·

141 2806 273 2886 λέγειν
297 2805 361 2868 καὶ
390 2803 578 2885 πράττειν
597 2804 625 2866 τ’
650 2798 797 2885 ἄριστά
831 2827 880 2885 με
908 2803 1077 2887 er.§§86.
1103 2806 1169 2868 110.
1213 2803 1302 2881 Quae
1384 2868 1388 2876 ,

145 2913 280 2977 formula
310 2912 342 2976 in
371 2911 476 2976 libello
495 2912 659 2975 Aeschinis
688 2915 774 2976 reete
795 2931 872 2976 sune
894 2914 1013 2989 exstat,
1042 2911 1075 2974 id
1103 2911 1189 2994 qnod
1210 2930 1304 2992 ergu-

142 3023 288 3083 mentum
315 3017 389 3082 fidei
416 3018 481 3082 eius
508 3018 780 3083 habendumnon
801 3021 863 3097 est,
895 3037 968 3082 oum
988 3018 1215 3082 Demosthenes
1237 3036 1303 3081 non

142 3124 244 3191 multo
265 3128 335 3207 post
355 3124 491 3188 eandem
511 3124 701 3189 locutionem
722 3123 880 3202 adhibeat,
903 3123 1018 3187 mirum
1039 3127 1147 3188 autem
1168 3124 1303 3201 uidetur,

143 3231 231 3315 quod
252 3232 285 3294 in
307 3229 325 3310 ἕ
351 3231 419 3309 118,
440 3230 473 3295 in
494 3232 562 3313 ipsc
583 3232 745 3313 rogatione
763 3230 973 3313 Ctesiphontis
994 3254 1034 3275 —·
1056 3231 1142 3295 hona
1162 3235 1304 3295 uestrum

140 3335 237 3402 uenia
257 3337 319 3402 hoc
339 3338 404 3401 iem
424 3338 492 3402 loco
514 3337 546 3401 id
567 3356 710 3402 memoro
734 3373 786 3415 -,
815 3356 853 3402 ex
875 3357 939 3420 qua
966 3337 1008 3400 itti
1037 3337 1096 3401 loci
1126 3337 1305 3420 deprompti

140 3447 218 3509 sunt
239 3442 289 3524 (of.
303 3443 416 3508 Aesch.
435 3463 461 3508 α
479 3442 560 3508 Ctes.
577 3441 616 3524 §5
630 3444 680 3508 49.
704 3445 771 3507 101.
789 3444 859 3508 237.
880 3443 969 3508 Dem.
991 3444 1031 3508 de
1054 3463 1115 3508 cor.
1138 3441 1208 3522 §57
1222 3442 1304 3524 etc),

141 3549 209 3617 tale
228 3551 305 3632 quid
328 3550 522 3615 desideratur
534 3548 566 3630 ¹).
1013 3568 1015 3572 ’
1295 3574 1297 3580 v

226 3656 329 3721 Etiam
351 3655 451 3720 uerba
470 3654 586 3738 αἱρετῆς
607 3656 702 3719 ἕνεκα
803 3655 857 3718 καὶ
884 3655 1111 3738 ἀνδραγαθίας
1127 3655 1305 3735 congruunt

142 3781 218 3827 cum
239 3763 352 3826 Aesoh.
382 3781 409 3826 c.
429 3760 510 3826 Ctes.
533 3760 583 3842 §A
605 3762 645 3826 49
674 3765 706 3826 et
730 3763 806 3840 155,
835 3762 935 3828 uerba
966 3765 1076 3826 autom
1105 3760 1305 3843 interposita:

214 4026 241 4096 1)
258 4026 406 4083 Lubrionm
419 4027 488 4082 mihi
503 4026 614 4083 uidetur
626 4027 759 4083 Voemelii
770 4026 901 4082 iudicium
919 4017 1030 4099 (prong
1040 4027 1102 4082 1341
1122 4045 1149 4097 p.
1163 4026 1199 4096 5),
1218 4025 1304 4081 uerbo

140 4111 196 4166 illa
214 4115 267 4179 (καὶ
285 4115 352 4166 διότι
369 4115 478 4167 διατελιῐ
495 4145 527 4157 -
546 4114 660 4184 ἀγαθόν)
684 4114 713 4169 in
732 4117 750 4183 ἕ
766 4114 815 4168 118
831 4116 913 4171 ante:
941 4115 988 4183 τῆς
1005 4116 1032 4167 δι
1050 4115 1235 4183 ἀναγορεύσεως
1254 4114 1305 4166 etc.

141 4196 277 4254 hcillime
296 4199 418 4256 excidere
437 4200 567 4271 potuisse.

1132 4291 1172 4348 3*
