3054 4706
682 401 724 482 11

120 604 253 663 munere
278 596 532 678 prenuntiandae
560 616 695 662 coronae
723 597 846 661 functos
874 616 951 663 esse.
997 582 1165 663 Praeterea
1192 577 1279 679 quod

120 705 163 769 ad
183 705 286 786 ipsum
307 705 441 768 uerbum
462 708 675 785 θεσμοθέτας
696 705 824 782 attinet,
854 703 986 769 Voemel
1005 702 1050 784 (in
1072 723 1175 786 progr.
1199 704 1278 770 1843

120 833 151 894 p.
170 810 222 891 18)
243 830 307 874 non
327 811 402 874 satis
423 815 570 875 accurate
591 811 682 876 dieit:
712 811 806 875 Nieht
826 810 1120 888 derThesmothet,
1142 810 1280 877 sondern

121 919 182 982 die
204 917 453 982 Thesmotheten
472 917 555 980 steht
587 918 639 996 da,
668 937 739 982 eum
769 934 835 981 non
861 915 954 990 τούς
975 921 1204 997 θεσμοθέτας,
1223 918 1280 983 sed

121 1029 335 1106 θεσμοθέτας
366 1024 497 1106 legatur.
543 1024 700 1089 Artioulus
721 1027 829 1089 autem
851 1025 983 1095 omissus
1008 1043 1073 1091 non
1094 1025 1160 1090 sine
1181 1025 1280 1094 offen-

124 1132 211 1197 sione
230 1131 308 1196 mihi
327 1128 452 1195 uidetur
472 1149 547 1194 esse.
864 1148 865 1153 ¹

641 1236 660 1319 ἓ
688 1237 756 1302 118.

203 1343 328 1408 Initium
351 1343 519 1424 rogationis
540 1333 749 1426 Ctesiphontis
770 1363 835 1411 non
855 1345 975 1413 iaciunt
1003 1344 1103 1411 uerba
1124 1343 1166 1411 ad
1184 1344 1280 1413 fossas

121 1445 333 1521 Demosthene
354 1455 483 1515 auctore
504 1451 614 1515 ductas
637 1452 825 1533 pertinentia
848 1450 1006 1533 (Aeschin.
1022 1471 1047 1517 o.
1061 1450 1143 1519 Ctes.
1167 1449 1194 1531 ἓ,
1210 1451 1280 1516 136.

121 1557 186 1625 uid.
206 1578 235 1639 p.
245 1554 308 1638 36),
323 1557 387 1621 sed
407 1557 522 1621 uerba:
545 1556 660 1640 ἐπειδή
677 1562 892 1640 Δημοσθέισχς
912 1605 989 1621 .....
1010 1556 1178 1638 γενόμενος
1200 1559 1281 1625 ἐπι

122 1663 300 1746 μολητής
321 1666 387 1745 τῆς
407 1665 481 1727 τῶι·
499 1667 642 1743 τειχῶν
664 1665 888 1749 ἐπισκευῆς,
920 1684 1003 1749 quae
1024 1664 1185 1733 nonsatis
1207 1666 1281 1746 apte
1302 1686 1304 1688 ’

123 1770 201 1834 mihi
229 1771 378 1834 uidentur
405 1791 552 1854 expressa
580 1791 655 1836 esse.
705 1770 836 1836 Constat
864 1772 966 1849 enim,
1000 1771 1209 1839 Athenienses
1236 1771 1281 1843 ita

14 1940 15 1951 ,
122 1876 264 1943 laborem
292 1878 531 1943 reficiendorum
561 1878 722 1943 moenium
749 1878 831 1942 inter
849 1897 882 1943 se
901 1875 1057 1955 diuisisse,
1084 1881 1121 1945 ut
1140 1878 1280 1960 singulae

14 1968 16 2037 Ῠ
122 1985 223 2051 tribus
242 1984 381 2066 singulos
403 1983 485 2047 uiros
507 1988 663 2062 crearent,
692 2004 828 2065 quorum
850 2003 926 2050 eura
953 1988 986 2047 et
1012 1985 1197 2051 auctoritate
1217 1984 1281 2051 siu-

124 2091 218 2172 gulae
236 2110 399 2155 murorum
422 2095 525 2172 partes
539 2091 746 2155 munirentur.
786 2090 847 2167 Qui
865 2090 921 2154 uiri
940 2091 1115 2170 τειχοποιοὶ
1133 2091 1281 2175 appellati

14 2182 16 2273 ᾗ
122 2200 199 2263 sunt
218 2195 270 2278 (ei.
293 2197 532 2263 Westermann:
562 2197 708 2279 Amgew.
731 2197 811 2266 Rae.
834 2197 865 2261 d.
885 2197 975 2265 Dem.
1001 2197 1037 2265 Π.
1058 2198 1156 2263 Bdeh.
1186 2218 1217 2281 p.
1230 2198 1280 2279 θ).

124 2304 223 2369 Erant
254 2304 348 2385 igitur
378 2303 489 2368 decem
521 2304 579 2371 uiri
615 2304 760 2386 operibus
800 2304 859 2371 illis
891 2304 1039 2387 praeieeti
1067 2298 1281 2386 (τειχοποιοὶ),

125 2428 261 2493 qrmmm
272 2410 304 2473 iu
317 2429 450 2477 numero
461 2410 689 2477 Demosthenes
703 2411 898 2477 uersabatur.
932 2411 1042 2494 ltaque
1055 2410 1281 2477 Demosthenes

125 2515 307 2596 τειχοποιός
325 2516 429 2581 tuerat
455 2516 581 2597 (Aeseh.
603 2537 628 2581 e.
651 2515 732 2582 Ctes
754 2514 792 2601 §d
816 2517 862 2583 14.
887 2517 934 2583 17.
957 2517 1005 2587 18.
1027 2516 1093 2597 31),
1115 2537 1227 2600 neque,
1249 2518 1280 2582 id

125 2623 212 2705 quod
235 2624 333 2687 uerba
352 2620 521 2702 γενόμενος
542 2622 735 2705 ἐπιμελητής
755 2621 819 2685 κτὲ.
848 2623 986 2688 indicare
1008 2623 1169 2701 uidentur,
1198 2625 1281 2691 solus

14 2806 16 2833 R
127 2729 293 2795 uniuersae
320 2731 363 2794 rei
396 2750 506 2795 euram
537 2731 736 2795 sustinuerat.
794 2729 984 2812 Ceteroquln
1019 2749 1091 2798 eum
1119 2731 1174 2802 itta
1202 2731 1282 2795 falsa

127 2836 283 2902 locutione
314 2838 354 2900 ad
385 2838 519 2902 uerbum
550 2839 612 2902 fere
646 2841 838 2919 congruunt,
872 2844 963 2919 quae
982 2836 1063 2906 Plut.
1091 2837 1123 2901 in
1149 2839 1216 2902 uitt.
1243 2823 1293 2902 X.

127 2946 220 3007 matt.
242 2964 275 3025 p.
297 2943 404 3008 84611
434 2942 467 3025 (ξ
490 2943 541 3024 33)
563 2944 673 3021 tradit,
703 2944 852 3009 abhorret
878 2945 920 3009 ab
947 2963 985 3009 ea
1004 2944 1170 3026 multoque
1188 2962 1284 3011 areu:-

127 3051 225 3117 ratius
242 3050 362 3114 dietum
384 3052 431 3113 est
451 3050 538 3131 quod
558 3050 748 3133 inhesehiu.
765 3048 845 3115 Ctes.
860 3049 899 3131 §fi
915 3050 1020 3119 1117
1041 3053 1099 3114 ete.
1120 3050 1283 3132 reperitur,

14 3192 15 3205 ¹
126 3148 235 3235 ἅρχων
257 3155 294 3217 δὲ
313 3154 375 3237 τήν
397 3157 462 3217 τῶν
481 3159 670 3234 τειχοποιῶν
691 3153 805 3239 ἀρχήν.

207 3262 251 3326 Ut
273 3281 311 3326 ex
333 3262 436 3326 uerbis
459 3261 654 3344 ἐπιμελητής
675 3271 739 3324 aar.
754 3262 895 3338 efficitur,
918 3266 954 3326 ut
968 3265 1078 3327 auster
1098 3265 1155 3329 aut
1171 3280 1283 3344 perum

129 3368 291 3450 diligenter
318 3368 367 3444 id,
397 3367 483 3450 quod
513 3367 624 3445 uoluit,
650 3368 803 3433 effinxerit
823 3371 879 3432 aut
899 3387 964 3433 non
990 3368 1066 3431 satis
1091 3367 1283 3445 intellexerit,

129 3493 194 3556 quo
219 3474 351 3541 munere
372 3473 612 3551 Demosthenem
642 3491 714 3541 eum
735 3475 862 3543 moenie
880 3475 1131 3552 restituerentur,
1159 3474 1284 3543 tanetus

130 3583 219 3653 esset,
241 3581 284 3647 ita
308 3580 350 3645 de
368 3580 472 3645 uerbis
493 3598 621 3664 quoque
644 3578 958 3660 προσαναλώσας
979 3627 1063 3644 .....
1084 3582 1182 3660 μνᾶς
1208 3581 1285 3647 mihi

14 3670 16 3749 l
127 3686 343 3763 confitendum
365 3691 424 3763 est,
453 3696 557 3769 neque
578 3688 611 3750 in
633 3687 852 3755 Demosthenis
880 3707 927 3755 er.
958 3688 998 3752 de
1028 3706 1089 3759 eor.
1119 3704 1223 3769 neque
1251 3687 1285 3751 in

14 3762 16 3839 1
126 3792 289 3857 Aeschinis
312 3791 535 3874 Ctesiphontea
556 3796 738 3872 memorari,
759 3794 1002 3861 Demosthenem
1021 3794 1081 3858 tria
1103 3793 1223 3861 talenta
1244 3793 1285 3858 de

14 3908 16 3983 g
126 3918 184 3963 suo
206 3899 239 3965 in
257 3916 336 3980 opus
355 3900 493 3965 insumta
510 3902 626 3982 populo
646 3902 781 3971 donasse
800 3906 897 3984 atque
912 3901 1038 3983 irrsuper
1052 3920 1125 3965 cum
1138 3898 1286 3965 theatrali

14 3990 20 4025 l

14 4030 16 4061 ι
126 4006 279 4088 peraeae
308 4011 465 4087 praeesset
491 4010 618 4073 eentum
648 4009 751 4073 minas
779 4009 822 4073 ad
850 4008 1001 4073 sacrificia
1033 4008 1179 4088 largitum
1209 4026 1284 4071 esse.

126 4111 229 4180 Immo
256 4131 330 4179 eum
358 4112 471 4178 Aeseh.
499 4135 527 4177 e.
558 4114 637 4179 Ctes.
670 4115 688 4196 ἓ
719 4116 755 4179 17
779 4092 893 4198 ‘aperte
924 4115 1025 4192 dieat,
1056 4132 1129 4178 eum
1157 4118 1285 4180 eentum

126 4221 256 4287 tantum
285 4219 387 4287 minas
400 4306 402 4313 .
415 4220 500 4285 dono
526 4222 649 4288 dedisse
670 4223 802 4304 populo,
834 4223 949 4306 quibus
969 4221 1052 4289 muri
1078 4222 1286 4301 munirentur,

1132 4328 1150 4379 4
