3054 4706
783 341 825 404 11)

220 521 263 583 sic
285 538 396 583 ansam
417 519 595 583 offensionis
616 519 744 600 praebet
765 534 915 585 numerus
935 519 1109 601 legatorum
1132 519 1376 602 praetermissus,

221 627 274 708 qui
295 645 335 689 ne
356 627 425 688 tunr
447 625 574 707 quidem
595 625 846 711 inscriptionibus
867 626 963 703 deest,
985 626 1010 689 si
1024 626 1136 690 eadem
1151 626 1255 690 contio
1270 626 1377 708 populi

219 732 337 813 legatos
364 732 534 795 mittendos
552 751 627 794 ‘esse
649 733 735 796 iubet
755 733 917 815 iussosque
940 735 1039 810 creat,
1061 732 1181 796 nedum
1203 733 1375 811 omittatur,

217 840 242 901 si
262 839 327 919 ipse
347 837 486 902 delectus
507 839 538 901 in
561 840 704 920 proxima
724 840 850 903 comitia
870 839 1012 903 differtur
1034 837 1083 921 (cf.
1103 837 1136 905 G.
1160 838 1289 917 roal,
1308 840 1375 903 107.

216 945 334 1008 Franz:
364 944 401 1008 el.
424 965 471 1026 ep.
501 964 532 1007 n.
553 946 603 1008 69.
639 928 781 1009 Boeckh:
803 946 941 1009 Staatsh.
964 946 999 1023 ΙΙ,
1020 966 1050 1028 p.
1071 945 1139 1009 749.
1171 945 1219 1022 ΙΠ,
1240 967 1269 1028 p.
1292 944 1375 1027 466).

217 1051 319 1129 Quem
340 1070 433 1114 usum
461 1052 667 1116 obseruatum
689 1053 868 1116 inuenimus
889 1054 922 1116 in
950 1052 968 1133 ἓ
990 1053 1029 1117 19
1053 1052 1217 1134 (πρέσβεις
1240 1050 1377 1115 ἑλέσθαι

300 1163 422 1237 ιτείτε),
445 1159 599 1221 uiolatum
615 1178 704 1222 more
726 1158 920 1223 Graecorum
943 1162 1150 1223 asiaticarum
1171 1159 1220 1239 (C.
1235 1158 1256 1221 I.
1272 1158 1324 1223 Gr.
1340 1158 1375 1236 ΙΙ,

216 1266 296 1329 s155
316 1264 437 1348 (Myrin.
460 1264 597 1346 Lemni)
617 1268 739 1346 praeter
760 1263 778 1344 ἓ
799 1266 840 1328 m
860 1266 893 1329 in
914 1264 952 1347 ἐξ
976 1267 1024 1330 75.
1050 1267 1117 1330 184.
1144 1266 1211 1330 164.
1238 1265 1304 1329 165.

298 1373 399 1437 Paulo
438 1377 508 1455 post
546 1375 648 1436 exstat
689 1372 822 1436 uerbum
862 1372 996 1451 πλοῖα,
1039 1394 1103 1456 quo
1147 1373 1375 1437 Demosthenes

214 1479 440 1562 scriptoresque
468 1480 534 1543 eius
566 1480 676 1542 aetatis
698 1499 769 1543 cum
799 1498 898 1557 naues
927 1480 1064 1542 minores
1084 1483 1152 1542 tum
1173 1480 1376 1544 mercatorias

215 1585 300 1667 (nos:
323 1585 638 1666 Kauffahrteischiffe)
657 1586 834 1666 significant
860 1584 910 1668 (cf.
933 1585 1061 1650 Classen
1083 1587 1125 1650 ad
1146 1585 1245 1652 Thuc.
1268 1586 1290 1665 I,
1313 1586 1374 1670 14).

214 1693 380 1757 Contraria
401 1696 448 1755 est
467 1695 588 1756 notatio
610 1693 742 1755 nauium
764 1693 947 1774 longarum,
972 1712 1054 1775 quae
1075 1693 1116 1755 illi
1136 1694 1291 1757 uocabulo
1309 1695 1372 1757 hoc

214 1801 282 1863 loco
309 1799 498 1863 attribuitur.
551 1799 655 1863 Naues
692 1800 777 1862 enim
804 1800 915 1880 longae
943 1819 1001 1863 nec
1039 1800 1137 1863 uerbo
1179 1798 1291 1882 σκάφη
1320 1798 1370 1880 (cf.

212 1928 242 1989 p.
274 1905 342 1986 38),
380 1925 438 1969 nec
475 1906 574 1970 uerbo
611 1904 728 1985 πλοῖα,
771 1906 858 1988 quod
900 1907 994 1969 etiam
1031 1907 1062 1969 in
1101 1905 1138 1986 ἓξ
1171 1907 1210 1969 75
1246 1909 1278 1970 et
1314 1907 1373 1970 106

213 2011 337 2091 (κατάλ.
360 2010 391 2091 D)
422 2012 483 2076 hoc
503 2031 597 2075 sensu
625 2012 777 2094 reperitur
801 2047 837 2055 *-
860 2031 932 2075 raro
954 2031 1031 2076 sane
1052 2012 1162 2093 μακροὶ
1184 2012 1285 2075 nicia
1307 2032 1374 2076 res-

211 2118 353 2201 pondent
380 2118 516 2180 nauibus
541 2119 641 2198 longis
670 2115 780 2199 (Thuc.
804 2117 832 2195 1,
858 2119 904 2180 14.
934 2118 1050 2182 Herod.
1073 2119 1114 2197 V,
1143 2117 1195 2199 36)
1224 2154 1279 2197 -,
1316 2119 1373 2183 sed

211 2227 307 2290 attico
335 2225 385 2289 uel
414 2225 550 2288 maxime
577 2225 689 2288 forensi
719 2244 864 2288 sermone
892 2225 990 2288 uerbo
1012 2227 1090 2298 ναῦς
1118 2224 1217 2306 (Deru.
1240 2227 1280 2289 de
1309 2245 1370 2290 cor.

211 2330 249 2413 ἐξ
271 2333 320 2395 96.
343 2332 402 2395 699
424 2336 481 2395 etc.
514 2331 657 2395 Boeckh:
678 2331 815 2394 Staatsh.
832 2330 877 2408 ΙΙΙ,
898 2352 928 2413 p.
950 2332 1022 2409 466,
1043 2332 1207 2395 noe-478
1227 2330 1299 2412 etc.)
1321 2331 1374 2395 uel

210 2437 344 2520 τριήρεις
371 2437 470 2517 (Dem.
493 2438 532 2501 de
555 2458 618 2502 cor.
641 2436 680 2518 ἐξ
702 2439 750 2500 31.
772 2437 843 2501 601.
866 2439 934 2501 311.
971 2438 1083 2502 Aesch.
1100 2459 1125 2502 c.
1147 2437 1228 2502 Ctes.
1260 2436 1278 2519 ὅ
1299 2438 1372 2501 166.

212 2545 352 2610 Boeckh:
373 2545 413 2607 ib.
432 2546 488 2623 ΙΠ,
519 2566 549 2628 p.
572 2545 734 2608 aso-339
756 2541 827 2622 etc.)
859 2544 1054 2608 notabantur
1082 2544 1133 2628 (cf.
1163 2544 1317 2608 Newman
1337 2545 1372 2608 in

212 2652 298 2715 class.
320 2651 441 2729 Most,
463 2673 493 2734 p.
516 2650 596 2731 167).
646 2651 793 2714 Ceterum
820 2650 852 2712 in
876 2650 908 2714 O.
929 2650 956 2714 1.
981 2649 1037 2714 Gr.
1058 2651 1108 2729 ΙΙ,
1132 2650 1211 2714 2347
1229 2671 1245 2714 c
1267 2649 1370 2731 (Ten.)

216 2758 258 2818 τα“
282 2757 382 2819 πλοῖα
402 2757 485 2821 idem
508 2757 594 2820 ualet
611 2757 699 2839 quod
722 2755 757 2817 αἱ
777 2757 919 2836 τριήρεις.

292 2863 373 2927 Tum
398 2863 526 2926 moleste
547 2863 712 2940 sehabet,
743 2862 829 2944 quod
857 2865 931 2926 ante
959 2862 1211 2926 coniunctionem
1234 2858 1296 2924 ὅτι
1316 2860 1370 2940 (οὐ

210 2968 443 3057 μεμψιμοιρεῖ)
466 2969 600 3032 uerbum
615 2967 738 3055 dicendi
756 2968 968 3049 supplendum
988 2970 1042 3031 est.
1078 2968 1231 3050 Equidem
1246 2968 1367 3044 dubito,

209 3097 287 3140 num
320 3077 383 3139 tale
411 3076 487 3156 quid
515 3094 587 3137 cum
617 3093 731 3154 genere
757 3073 928 3152 scribendi,
960 3074 1046 3156 quod
1076 3075 1118 3138 ad
1147 3074 1369 3156 componenda

209 3183 333 3247 decreta
353 3181 486 3245 Athenis
506 3180 733 3256 adhibebatur,
756 3181 939 3244 consentiat.
1032 3159 1040 3175 ⁸

289 3287 445 3364 Quoniam
481 3285 545 3367 ipse
575 3285 702 3348 Voemel
737 3285 782 3365 (in
812 3305 915 3368 progr.
949 3287 1027 3350 1842
1059 3306 1089 3367 p.
1122 3283 1171 3364 11)
1205 3285 1365 3362 concessit,

208 3395 342 3457 uerbum
370 3395 634 3478 μεμψιμοιρεῖ
638 3415 653 3453 ν
685 3393 821 3474 primurn
849 3396 953 3457 aetate
978 3393 1099 3475 Polybii
1130 3393 1260 3456 obuium
1288 3412 1364 3470 esse,

207 3521 257 3562 me
283 3502 405 3563 uertam
433 3498 475 3561 ad
505 3498 652 3562 uerbum:
683 3498 1008 3580 πλημμελοῦντα,
1036 3498 1120 3581 quod
1150 3518 1244 3563 sensu
1275 3501 1364 3564 uerbi

205 3602 406 3685 ἁμαρτάνειν
428 3604 645 3668 Demosthenis
664 3607 806 3688 tempore
835 3626 899 3670 non
921 3607 965 3669 ita
989 3605 1097 3670 crebro
1119 3606 1294 3685 inuenitur,
1320 3609 1363 3672 ab

205 3716 333 3777 auctore
348 3713 453 3774 autem
470 3711 675 3789 decretorum,
694 3714 733 3775 de
751 3714 864 3794 quibus
884 3734 931 3777 res
947 3714 1059 3794 agitur,
1074 3714 1168 3778 ualde
1183 3716 1362 3793 adamatur,

204 3839 277 3883 cum
301 3818 466 3900 quinquies
494 3815 537 3896 (in
559 3815 597 3896 ἐξ
620 3818 668 3881 74.
695 3819 761 3882 155.
793 3820 860 3882 157.
887 3820 953 3883 166.
978 3818 1049 3898 183)
1080 3823 1179 3883 exstet
1200 3819 1252 3901 (cf.
1277 3820 1309 3885 C.
1333 3822 1361 3885 Ι.
1388 3822 1391 3827 ’

206 3922 619 4005 muwmmp

176 4046 178 4050 “
284 4031 404 4095 Deinde
435 4050 626 4112 magnopere
653 4050 781 4105 uereor,
810 4034 845 4093 ut
872 4032 1004 4094 uerbum
1037 4031 1224 4111 εἰτιτιμιῖν
1244 4033 1360 4099 Demo-

201 4141 332 4203 sthenea
367 4141 469 4202 aetate
500 4138 565 4200 uim
595 4155 713 4217 poenas
741 4137 899 4217 exigendi,
938 4157 1034 4219 quam
1064 4140 1095 4202 in
1129 4137 1212 4220 §74
1247 4140 1357 4216 induit,
