3054 4706
714 436 753 500 37

148 611 338 694 prodeuntia
359 612 582 701 (ψηφίσματα,
606 619 731 696 γραφαί
749 614 798 678 uei
819 614 900 695 sim.)
923 634 964 678 an
987 616 1087 696 ipsum
1105 615 1308 679 tabularium.

150 717 270 796 Quodsi
286 718 347 783 hoc
359 720 537 802 accipimus
557 720 588 784 id
611 722 696 805 quod
719 721 821 803 primo
836 721 949 784 obtutu
969 721 1163 803 aptissimum
1187 721 1332 785 uidetur

150 844 234 902 esse,
263 844 372 889 sensus
398 828 511 891 oritur:
544 847 617 893 cum
643 828 762 910 legibus
791 828 988 892 interdictum
1018 829 1074 903 sit,
1104 828 1241 909 primum
1269 848 1309 891 ne

150 930 230 994 falsa
250 933 365 1013 scripta
392 934 425 997 in
444 934 636 998 tabularium
663 936 839 998 referantur
859 937 916 997 etc,
960 934 1015 998 Sin
1033 933 1209 1014 γράμματα
1231 953 1307 997 ean-

150 1039 224 1102 dem
246 1058 341 1121 quam
366 1046 567 1126 ιγιιγιγίσματα
599 1043 663 1105 uim
690 1042 809 1105 habere
835 1044 999 1124 putamuS,
1027 1041 1214 1105 uertendum
1246 1045 1308 1104 est:

128 1156 226 1209 'cum
327 1147 379 1224 sit,
406 1149 543 1228 primunr
572 1167 613 1211 ne
641 1148 719 1212 falso
745 1149 860 1231 scripta
891 1149 923 1210 in
952 1147 1078 1212 decreta
1106 1146 1231 1229 publiea
1259 1166 1308 1210 re-

150 1242 301 1316 ferantur.
354 1253 397 1316 Ut
430 1254 514 1318 hanc
546 1238 833 1338 interpretationem
871 1255 1059 1336 approbem,
1094 1257 1226 1316 mouent
1258 1272 1310 1315 rne

149 1359 252 1422 uerba
266 1359 429 1424 Aeschinis
450 1362 482 1424 in
499 1382 543 1425 or.
561 1381 586 1425 c.
600 1361 680 1425 Ctes.
702 1360 720 1441 ξ
736 1363 792 1425 50:
815 1358 960 1433 ἅπαντες
980 1361 1040 1440 γοὶρ
1051 1344 1310 1440 ἀπαγορεύουσιν

150 1464 183 1527 οἱ
208 1462 301 1546 νόμον
327 1466 454 1549 μηδένα
482 1468 591 1554 ψευδῆ
618 1467 753 1551 γράφειν
774 1469 810 1529 ἐν
835 1471 901 1539 τοῖς
922 1467 1087 1549 δημοσίοις
1115 1442 1310 1553 ψιγφίσμασι

101 1588 104 1592 ’
150 1570 201 1653 (cf.
225 1572 449 1654 SyrianRhet.
466 1575 563 1639 Walz.
579 1575 715 1651 lurae:
739 1577 867 1655 πρῶτον
888 1578 948 1654 μὲν
969 1571 1019 1636 ὅτι
1041 1572 1151 1656 ψευδῆ
1171 1581 1308 1654 γέγραφε

150 1678 228 1759 περὶ
255 1684 489 1760 Δημοσθένους
520 1680 725 1764 [γράμματα]
751 1680 880 1769 γράψας
911 1677 961 1743 ὅτι
987 1673 1109 1751 εὔνους·
1142 1678 1242 1759 νόμας
1274 1679 1314 1741 δέ

150 1786 242 1848 ἐστιν
263 1784 281 1847 ὁ
304 1784 434 1863 κωλύων
461 1788 572 1874 ψευδῆ
598 1787 760 1870 εἰσφέρειν
786 1785 961 1869 γράμματα
989 1787 1018 1868 (ἱ.
1049 1808 1074 1850 e.
1106 1790 1310 1874 ψηφίσματα

150 1892 203 1956 uel
224 1891 371 1973 γνώμας),
403 1894 566 1958 Weidner:
588 1895 751 1959 Aeschinis
772 1896 805 1957 in
821 1894 906 1964 ,Ctes
930 1915 974 1958 or.
998 1894 1016 1976 g
1038 1893 1105 1975 50),
1135 1912 1217 1974 quae
1238 1911 1308 1974 per-

148 1999 257 2081 spicue
278 2003 310 2062 et
339 2000 438 2063 multo
459 2001 610 2065 concisius
632 2003 742 2065 eadem
764 2022 801 2065 ac
823 2002 925 2078 locuS,
958 2001 997 2064 de
1019 2020 1082 2083 quo
1104 2001 1222 2080 agitur,
1253 2017 1306 2061 ex-

19 2100 27 2111 '
148 2106 286 2187 primere
306 2106 462 2169 uidentur.

60 2272 65 2281 .
118 2262 123 2267 ·
234 2212 398 2275 Postremo
420 2212 678 2295 quandoquidem
700 2210 828 2275 Voemet
850 2209 950 2291 (Dem.
972 2212 1062 2274 orat.
1084 2231 1109 2274 c.
1133 2210 1245 2273 Aesch.
1268 2209 1308 2272 de

148 2337 215 2381 cor.
238 2319 269 2380 et
290 2317 408 2381 detats.
430 2318 488 2400 leg.
511 2339 541 2401 p.
555 2318 621 2395 XV,
645 2316 759 2398 §147),
780 2318 885 2381 multis
902 2317 1050 2398 exemptis
1071 2317 1309 2392 demonstrauit,

12 2466 21 2515 ·.
58 2500 64 2509 .
147 2424 288 2487 formam
308 2421 510 2507 κλήτορες,
533 2425 669 2506 quaein
692 2422 710 2503 ξ
732 2424 771 2486 55
794 2425 909 2500 exstat,
932 2422 1001 2504 (pro
1021 2421 1183 2504 κλητῆρες)
1204 2426 1308 2504 poste-

147 2531 239 2593 rioris
260 2532 371 2594 aetatis
392 2549 472 2608 esse,
495 2530 559 2594 iam
578 2534 702 2594 transeo
723 2530 764 2593 ad

620 2636 657 2718 ἐξ
680 2637 719 2701 73
738 2640 768 2700 et
791 2637 839 2699 74.

237 2741 273 2804 ln
295 2741 312 2823 ἓ
336 2743 375 2805 73
395 2742 531 2823 primum
553 2742 648 2806 obuia
668 2747 741 2806 sunt
766 2744 880 2815 uerba:
911 2742 958 2815 nir
979 2738 1069 2822 ἄρα,
1095 2762 1228 2825 quorum
1251 2743 1312 2806 hoo

148 2848 293 2912 omnium
314 2848 378 2911 fere
397 2849 538 2911 uirorum
560 2849 722 2912 doctorum
745 2848 820 2929 (uid.
843 2848 983 2930 Droysen
1004 2848 1017 2910 I
1039 2869 1067 2929 p.
1088 2849 1157 2910 803.
1180 2848 1307 2911 Voemel

148 2954 192 3018 ad
214 2954 246 3018 h.
267 2952 299 3035 1.)
322 2974 475 3018 consensu
495 2975 560 3019 non
584 2956 681 3036 magis
703 2956 839 3019 sermoni
861 2956 975 3018 forensi
995 2955 1178 3036 respondet,
1209 2975 1307 3036 quam

149 3060 238 3137 illud,
261 3080 335 3124 cum
355 3061 455 3124 solam
478 3062 665 3142 particulam
688 3057 737 3123 ὅτι
757 3065 981 3143 exspectemus,

28 3238 34 3247 ,
232 3166 331 3249 Magis
358 3170 466 3230 autem
495 3186 597 3230 sermo
619 3167 730 3230 atticus
755 3166 927 3247 neglegitur
953 3165 1056 3228 uerbis
1078 3162 1311 3244 Λεωδάμαντα

147 3274 204 3356 (de
226 3292 289 3355 quo
310 3273 373 3335 uid.
396 3273 538 3354 Droyseu
558 3292 588 3354 p.
611 3273 680 3336 802.
712 3272 841 3336 Voernel
862 3272 903 3335 ad
924 3272 960 3357 h„
978 3272 1009 3349 l.)
1031 3271 1089 3333 τόν
1111 3269 1311 3350 ναύαρχον

145 3384 167 3445 i.
191 3397 218 3444 e.
239 3379 487 3443 Leodamantem
518 3380 727 3461 »praetectum
749 3380 880 3443 classis«.
932 3377 1024 3443 Hanc
1051 3379 1135 3449 enirn
1158 3378 1222 3441 uim
1241 3377 1310 3442 uoci

147 3484 311 3566 ναύαρχον
334 3487 483 3550 hocloco
504 3490 535 3550 et
554 3485 592 3567 ἐξ
614 3486 655 3549 74
674 3491 705 3550 et
726 3487 916 3563 radicasse,
939 3489 1026 3569 patet
1047 3508 1085 3550 ex
1107 3485 1310 3567 sequentibus

146 3592 269 3657 uerbis:
298 3593 352 3654 ani
380 3593 422 3654 τοὶ
453 3592 524 3672 μετ’
551 3591 654 3655 αὐτοῦ
681 3592 912 3656 ἀποσταλέντα
941 3591 1061 3674 σκαφιγ.
1111 3593 1174 3656 Nec
1199 3595 1307 3655 tamen

145 3700 382 3765 Demosthenes
403 3703 505 3764 aetate
527 3701 674 3782 praefecti
697 3700 802 3764 classis
832 3699 918 3781 (nost
941 3700 1307 3781 Flottenhommandant)

144 3788 282 3873 Athenis
310 3805 465 3887 ναύαρχοι
491 3808 772 3889 nuncupabantur,
809 3807 864 3870 sed
895 3826 1020 3870 summa
1054 3808 1174 3889 imperii
1207 3806 1310 3870 classis

145 3917 219 3978 tum
250 3914 376 3995 quidem
390 3998 393 4002 Δ
406 3935 501 3996 penes
522 3935 623 3979 unum
647 3934 685 3977 ex
712 3914 819 3977 decem
849 3915 981 3978 ducibus
1010 3913 1209 3995 (στρατηγοί)
1242 3917 1309 3977 erat

145 4019 200 4101 (cf.
223 4020 443 4085 Schoemann:
467 4021 517 4085 Gr.
533 4021 596 4085 Ah.
611 4021 631 4084 Ι.
654 4043 684 4103 p.
704 4021 877 4084 441-4420
901 4021 1069 4085 Newman:
1093 4021 1179 4084 class.
1194 4021 1271 4084 Mus.
1289 4021 1310 4098 I,

145 4148 178 4208 p.
207 4126 288 4206 166).
332 4127 499 4207 Ναύαρχοι
520 4133 627 4192 autern
648 4128 866 4191 Demosthenis
888 4132 1030 4210 tempore
1051 4132 1141 4191 erant
1161 4129 1309 4209 praetecti

143 4232 342 4315 singularum
363 4237 494 4299 nauium
510 4234 750 4298 Atheniensium
766 4233 816 4314 (cf.
831 4233 1049 4297 Schoernann:
1072 4235 1192 4299 Grieeh.
1207 4234 1271 4298 Alt.
1289 4234 1310 4297 I.
