3054 4706
818 354 857 417 ae

115 532 126 539 ”
150 514 151 517 “
196 578 197 581 ¹
254 529 421 594 cadauere
431 554 462 593 τι
473 533 595 597 causari
604 552 669 596 non
680 532 756 596 data
771 547 835 596 non
849 532 890 596 ad
900 533 1048 597 iudicium
1063 532 1258 598 heliasticum
1270 535 1410 610 uocatur,

204 676 207 701 ;
253 638 308 702 sod
340 639 381 702 ab
412 638 523 703 eodem
546 639 674 719 collegio
695 639 805 720 capitis
826 640 997 704 damnatus
1018 641 1057 702 sit
1087 639 1207 721 (ἔνοχος
1236 641 1319 702 ἔστι
1347 641 1411 710 τοῖς

98 738 100 747 ²
170 756 171 759 ’
253 747 309 826 τῆς
330 744 508 826 προδοσίας
529 746 714 825 ἐπιτιμίοις,
743 744 804 807 ἐιιι
825 744 870 828 μή
892 768 923 807 τι
942 743 1107 808 a'ddrawv
1130 743 1315 828 ἐπιδεικνύῃ
1337 745 1410 824 περι

116 842 117 845 ’
153 854 154 857 ’
254 848 400 931 ἑαυτόν),
430 852 580 916 institutis
601 852 840 917 Atheniensium
871 852 1056 919 aduersatur
1081 847 1185 936 neque
1209 853 1411 933 »grauissimo

253 957 381 1039 quidem
415 959 536 1039 patriae
574 959 749 1023 discrimine
776 963 969 1024 excusetur«.
1019 959 1124 1037 Quam
1157 960 1344 1025 senteutiam
1380 963 1412 1023 ιι

253 1082 327 1127 usus
349 1065 435 1127 uocis
462 1064 637 1146 ἐπικρίνειν
665 1067 751 1148 apud
775 1065 985 1131 Athenienses
1012 1073 1044 1130 et
1073 1069 1141 1149 ipsa
1170 1067 1269 1130 uerba
1297 1067 1411 1130 decreti

254 1169 393 1233 stabilire
414 1171 570 1236 uidentur.
642 1198 646 1209 ‘

333 1276 485 1341 Ueuimus
506 1280 569 1343 iarn
590 1278 633 1342 ad
654 1283 718 1342 tres
740 1278 807 1342 illos
829 1279 920 1356 uiros,
943 1299 1077 1361 quorum
1101 1280 1202 1362 primo
1225 1279 1294 1343 loco
1314 1277 1332 1341 ὁ
1355 1279 1411 1341 ἐπι

252 1384 328 1467 τῶν
353 1379 486 1446 ὅπλων
513 1385 730 1469 στρατηγὸς
757 1388 960 1451 memoratur.
1008 1385 1117 1451 Eidem
1146 1386 1217 1450 duci
1245 1387 1278 1450 in
1311 1385 1411 1468 §115

148 1484 150 1489 ’
254 1490 438 1569 significatio
466 1491 485 1552 o‘
514 1491 656 1554 ἐπὶτῶν
678 1489 789 1555 ὅπλων
821 1491 874 1573 (sc.
897 1490 1100 1576 στρατηγός),
1131 1494 1164 1556 in
1192 1493 1210 1575 ξ
1235 1495 1294 1556 116
1321 1492 1411 1555 ὁέπι

171 1640 177 1647 ι
252 1596 318 1656 coir
340 1595 482 1659 ὁπλιτῶν
504 1598 557 1681 (sc.
581 1597 673 1679 oro),
705 1599 777 1681 in§
803 1599 862 1663 184
891 1599 908 1661 ὁ
938 1597 1114 1682 στρατηγός
1144 1600 1196 1680 (sc.
1226 1599 1322 1662 ὁέπι
1346 1603 1411 1662 τῶν

252 1697 372 1780 ὅπλων,
394 1724 468 1769 cum
490 1705 507 1766 ὁ
531 1702 695 1784 ἵππαρχος
712 1707 738 1769 ιι
755 1704 946 1788 opponatur)
969 1707 1150 1789 imponitur.
1192 1706 1255 1770 Sed
1271 1707 1412 1788 proiecto
1440 1720 1442 1725 ’

253 1829 311 1873 nec
333 1809 365 1872 in
387 1810 636 1893 inscriptionibus
652 1812 780 1894 lapideis
802 1831 861 1876 nec
881 1813 914 1875 ιιι
935 1812 1019 1876 libris
1033 1816 1195 1877 oratorum
1208 1813 1412 1895 scriptorum-

254 1934 315 1996 que
346 1917 549 1982 Demostheni
579 1918 777 2000 aequalium,
811 1919 868 1982 nisi
901 1920 1058 2001 exceperis
1078 1919 1147 2002 Lys.
1179 1940 1207 1982 c.
1231 1919 1317 2000 Diog.
1351 1919 1411 2001 §5

254 2023 325 2102 (τοῦ
345 2023 402 2086 ἐπι
424 2026 490 2085 τῶν
513 2023 676 2105 dichorio),
706 2025 770 2088 dux
791 2024 982 2107 hoplitarum
1003 2027 1063 2089 hao
1083 2026 1203 2089 ratione
1224 2026 1412 2107 appellatur,

252 2128 323 2205 sed,
354 2149 551 2211 quamquam
571 2131 680 2212 negari
701 2150 766 2194 non
788 2135 905 2212 potest,
933 2130 985 2194 illo
1006 2131 1068 2195 iarn
1088 2133 1230 2213 tempore
1250 2132 1411 2196 interdum

253 2254 354 2299 unum
381 2239 507 2300 tantum
533 2237 646 2301 ducem
673 2236 715 2300 ad
743 2237 861 2324 bellum
888 2238 1018 2301 missum
1047 2257 1112 2301 esse
1150 2238 1251 2320 (Deru.
1279 2238 1361 2303 Phil.
1390 2239 1411 2315 l,

254 2341 272 2422 5
293 2341 355 2422 15),
377 2345 485 2406 tamen
507 2342 623 2424 ubique
642 2347 798 2423 quantum
810 2344 873 2406 scio
893 2343 1072 2425 simpliciter
1093 2345 1269 2425 στρατηγὸς
1290 2344 1410 2408 dicitur.

250 2447 342 2511 Unde
374 2449 462 2530 sequi
505 2449 581 2511 mihi
612 2450 751 2526 uidetur,
793 2454 827 2513 ut
862 2453 931 2521 turn
968 2450 1042 2514 huic
1078 2450 1274 2532 magistratui
1312 2451 1408 2531 signi·

251 2553 374 2618 ficatio:
397 2555 414 2616 ὁ
437 2556 494 2617 ἐπὶ
514 2557 580 2616 τῶι
602 2551 713 2618 ὅπλων
744 2554 806 2637 (uel
827 2554 929 2636 simil.)
964 2557 1097 2620 Athenis
1128 2557 1257 2639 quidem
1287 2558 1410 2639 publice

253 2680 318 2724 non
340 2666 372 2724 ι
360 2662 470 2725 trihu
458 2666 492 2726 ta
509 2661 556 2725 sit
534 2662 643 2725 A
629 2666 750 2726 tamen
771 2663 884 2726 seriore
900 2667 1004 2727 aetate
1018 2682 1090 2726 curn
1110 2664 1244 2727 auctorit
1244 2684 1279 2727 as
1232 2665 1411 2729 tducum

253 2767 353 2848 magis
374 2769 538 2850 magisque
561 2775 730 2850 augeretur
750 2788 851 2851 eoque
872 2770 1115 2851 peruenirehu
1095 2771 1247 2834 utduces
1268 2771 1412 2835 omnium

254 2873 318 2936 fere
350 2876 591 2954 magistratuum
621 2876 737 2939 summi
773 2876 900 2951 fierent,
871 2876 1084 2957 tappellat
1078 2896 1107 2939 ro
1145 2890 1273 2958 quoque
1301 2897 1412 2941 eorum

180 2964 183 2969 ⁵
254 2983 376 3045 mutata
407 2986 453 3044 est
482 2981 531 3060 (cl.
561 2982 740 3047 Hermann:
779 2981 892 3045 Lehrb.
926 2982 955 3045 d.
989 2983 1106 3062 griech.
1136 2983 1274 3047 Staatsa.
1302 2982 1320 3064 ἕ
1354 2985 1411 3062 176

253 3085 297 3167 (ιι.
323 3084 382 3165 14).
414 3088 531 3170 Pauly:
554 3089 700 3152 Realenc.
724 3088 772 3165 Vl,
796 3089 824 3165 3,
845 3108 875 3170 p.
899 3090 999 3168 1456).
1049 3090 1168 3153 Uerum
1190 3110 1230 3154 ne
1252 3094 1321 3153 tum
1341 3090 1412 3172 qui-

254 3194 328 3256 dem
349 3194 425 3258 illud
447 3193 464 3257 ὁ
486 3195 541 3257 ἐπὶ
561 3198 625 3257 τῶν
641 3191 761 3274 ὅπλων,
783 3197 948 3278 siquidem
964 3197 1121 3278 lapidibus
1135 3198 1230 3261 tidem
1246 3197 1412 3273 hahemus

252 3302 284 3364 in
307 3301 437 3366 decretis
458 3302 698 3367 Atheniensium
721 3305 889 3384 reperitur,
917 3303 972 3369 sed
1000 3286 1227 3385 praepositione
1254 3303 1310 3371 ἐπι
1339 3323 1414 3368 cum

253 3411 433 3475 aecusaliuo
468 3412 569 3492 posita
596 3416 652 3474 aut
682 3412 858 3491 στρατηγός
880 3410 1092 3493 (στρατηγῶν)
1126 3408 1144 3472 ὁ
1170 3411 1226 3473 ἐπὶ
1255 3410 1297 3473 τοι
1325 3406 1414 3473 ὅπλα

142 3536 143 3539 ’
254 3520 310 3580 aut
330 3533 398 3596 στρ.
422 3517 478 3580 ἐπὶ
499 3517 573 3589 τούς
593 3516 729 3591 ὁπλίτας
751 3519 877 3600 legitur,
909 3523 944 3582 ui
963 3521 996 3581 in
1020 3517 1053 3581 C.
1075 3519 1095 3580 l.
1115 3518 1166 3581 Gr.
1188 3519 1210 3596 l,
1242 3519 1317 3595 123,
1343 3519 1413 3594 186,

257 3625 323 3701 183,
356 3626 525 3701 loo-192,
557 3627 627 3702 ιιιιι,
656 3627 725 3703 320,
754 3627 823 3702 353,
853 3627 922 3702 396,
950 3625 1021 3703 477,
1047 3625 1117 3702 478,
1139 3626 1210 3702 480,
1232 3626 1347 3689 Franz:
1373 3625 1412 3687 el.

255 3752 302 3812 ep.
325 3734 420 3808 ιι98,
438 3733 504 3795 165.
547 3733 592 3796 Eo
613 3733 738 3815 saepius
757 3733 887 3797 eaedem
909 3751 991 3814 quae
1013 3732 1044 3794 ιιι
1066 3731 1197 3795 decretis
1217 3733 1249 3795 in
1272 3731 1414 3795 oratione

255 3838 295 3901 de
324 3857 440 3901 corona
468 3841 662 3911 exstantibus
697 3841 809 3904 obuiae
838 3844 912 3903 sunt
946 3839 1109 3919 significat
1102 3858 1188 3902 lones
1227 3858 1298 3902 cum
1326 3837 1415 3918 apud

252 3945 415 4026 scriptores
444 3951 495 4009 ιιι
497 3951 548 4011 ιιι
576 3948 650 4011 satis
671 3947 856 4028 posteriores
882 3947 937 4027 (At
924 3947 1009 4009 t.hen
1031 3945 1141 4028 Deipn.
1165 3945 1201 4023 V,
1237 3967 1267 4028 p.
1297 3944 1413 4019 313Ε;

254 4052 398 4117 Philostr.
426 4054 480 4116 uit.
502 4053 590 4133 soph.
612 4053 635 4129 l,
656 4053 705 4127 33,
726 4072 757 4134 p
777 4053 854 4126 596;
881 4053 915 4130 ll,
935 4053 976 4115 ιιι)
995 4072 1024 4133 p.
1046 4053 1103 4115 661
1127 4056 1177 4116 ιι
1179 4050 1241 4132 .)ι
1243 4071 1298 4115 um
1326 4050 1416 4131 apud

253 4164 375 4224 exteras
403 4165 512 4241 gentes
539 4161 723 4235 occurrunt,
756 4160 793 4222 ct
820 4158 853 4222 G
878 4159 900 4221 l
929 4159 981 4224 Gr.
1010 4158 1051 4238 ll,
1081 4160 1179 4223 315:0
1211 4158 1229 4221 ιι
1261 4158 1316 4222 ἐπὶ
1348 4158 1416 4216 τῶν
