3054 4706
681 398 745 468 ,41

152 574 308 640 habuerit
358 574 454 656 Apud
475 575 720 641 Demosthenem
742 576 868 660 quidem
895 578 1137 664 scriptoresque,
1166 580 1310 662 quitum

152 685 254 759 erant,
272 682 305 745 in
326 682 431 746 locum
452 682 544 746 huius
562 682 792 765 significationis
806 685 943 749 succedit
961 687 1047 753 notio
1061 685 1309 769 reprehendendi

152 786 255 868 (Dem.
276 789 316 852 de
339 808 400 853 cor.
423 787 461 870 ἐξ
483 789 532 852 64.
557 791 624 854 188.
647 789 717 853 194.
747 790 786 853 de
814 809 891 873 pace
913 789 931 872 ἓ
952 793 981 855 A.
1010 793 1049 856 de
1079 793 1099 857 f.
1119 793 1176 875 leg.
1201 791 1219 872 ξ
1242 793 1309 856 131.

150 895 185 958 in
207 895 293 977 Lept.
315 892 333 975 ἓ
356 896 423 960 148.
445 897 590 961 Aeschin.
620 916 645 960 c.
669 895 749 961 Ctes.
777 894 865 977 §Ab
902 898 1002 962 Thuc.
1031 900 1081 976 IV,
1109 900 1158 977 28,
1190 898 1309 981 leta).

150 1001 271 1079 Quodsi
300 1002 456 1082 ἐπιτιμᾶν
490 1004 541 1067 illo
584 1004 653 1068 loco
681 1005 817 1067 eandem
848 1024 946 1088 quam
984 1007 1117 1070 uerbum
1147 1006 1307 1088 proprium

151 1109 282 1191 ζημιοῦν
302 1106 455 1191 (Roeckht
477 1110 749 1191 Verbesserungen
766 1111 833 1175 und
850 1110 1029 1193 Nachtrage
1050 1132 1088 1176 zu
1108 1113 1172 1176 den
1185 1111 1211 1176 -3
1226 1111 1306 1179 Bdn.

150 1216 209 1281 der
228 1216 366 1280 Staatsh.
399 1218 473 1280 1851
499 1216 571 1297 XX)
597 1217 649 1280 uel
676 1220 791 1300 ζημίαν
812 1217 997 1281 ἐπιτιθέναι
1027 1218 1154 1299 (Herod.
1184 1218 1233 1296 IV,
1253 1218 1306 1300 43)

149 1322 271 1386 obtinet
292 1324 367 1399 uim,
388 1343 491 1387 sermo
513 1323 643 1388 forensis
655 1323 894 1388 Atheniensium
916 1345 981 1389 non
1000 1326 1100 1407 magis
1111 1325 1306 1402 obseruatur,

150 1450 249 1513 quam
261 1431 287 1494 si
297 1430 395 1512 paulo
406 1434 477 1512 post
486 1431 610 1512 legitur:
626 1430 710 1492 κατά
723 1431 783 1513 τήν
794 1433 850 1514 τῆς
862 1430 1026 1512 ὀλιγωρίας
1035 1432 1143 1506 ἀξίαν.
1165 1432 1306 1495 Uerbum

149 1538 235 1601 enirn
257 1537 458 1618 ὀλιγωρία,
488 1539 536 1601 cui
556 1538 641 1619 apud
662 1539 762 1602 bonos
783 1538 947 1620 scriptores
972 1540 1058 1603 notio
1086 1539 1305 1621 despicientiae

149 1649 182 1709 et
203 1648 379 1709 contemtus
403 1644 546 1708 inhaeret
574 1644 685 1727 (Thuc.
708 1645 743 1722 ΙΙ,
764 1645 813 1707 52.
849 1644 965 1708 Herod.
987 1646 1036 1722 VL
1069 1647 1136 1709 137.
1165 1645 1256 1709 Dem.
1278 1665 1305 1708 c„

149 1749 227 1814 Gon.
251 1750 269 1833 ἓ
291 1749 358 1832 39),
394 1751 454 1816 hoc
481 1751 565 1828 loce,
592 1751 622 1814 id
652 1751 738 1833 quod
765 1771 858 1815 sensu
887 1752 1078 1833 postulatur,
1106 1752 1172 1815 uim
1203 1752 1304 1815 delicti

146 1858 253 1921 habet.
302 1856 397 1921 Cuius
424 1860 467 1922 rei
498 1877 558 1921 uox
579 1859 705 1940 propria
728 1862 795 1922 erat
818 1857 980 1940 ἀδίκημα,
1012 1860 1094 1941 quae
1119 1878 1183 1923 non
1202 1859 1305 1921 solum

145 1982 373 2045 saepenumero
396 1964 481 2045 apud
496 1964 619 2046 Lysiam
642 1964 781 2047 aliosque
798 1966 971 2046 scriptores
990 1983 1102 2028 uerum
1117 1966 1212 2029 etiam
1231 1983 1304 2029 cum

121 2048 256 2134 'iisdem
277 2072 340 2135 fere
364 2070 467 2135 uerbis
490 2090 528 2135 ac
546 2072 578 2134 in
600 2070 618 2153 ἓ
640 2072 681 2135 74
703 2073 872 2136 coniuncta
890 2070 1049 2135 inuenitur
1069 2072 1101 2134 in
1123 2071 1156 2134 C.
1175 2071 1196 2133 1.
1212 2069 1264 2134 Gr.
1280 2070 1302 2148 Ι,

143 2197 177 2240 n.
203 2176 275 2240 123:
301 2177 385 2238 κατά
406 2177 466 2260 τήν
487 2177 585 2252 ἀξίαν
608 2179 667 2240 τοῦ
688 2174 892 2260 ἀδικήματος.
935 2176 1042 2254 Quare
1061 2197 1173 2240 uocem
1195 2175 1304 2256 ὀλιγω-

143 2286 221 2363 ρίαν
241 2283 418 2365 posterioris
448 2286 559 2349 aetatis
585 2284 844 2349 consuetudinem
870 2284 1018 2365 loquendi
1048 2284 1132 2347 olere
1152 2282 1301 2345 existimo

228 2389 409 2454 Locutio:
439 2388 520 2473 ἰδίᾳ
549 2390 847 2472 ἀγνωμονοῦσιν
873 2385 896 2473 ἢ
932 2389 950 2452 ὁ
978 2388 1217 2460 ἀποστείλας
1242 2385 1302 2470 r’y'o‘
1340 2467 1345 2474 .

141 2494 447 2576 ἀπεσταλμένος
460 2517 542 2562 earn
556 2498 769 2562 obcausam
784 2518 862 2562 non
877 2498 1021 2580 placet,
1043 2495 1143 2580 quod
1164 2514 1301 2560 sensus

141 2602 365 2666 claudicare
386 2603 482 2667 mihi
506 2603 675 2668 uidetur.
722 2604 795 2667 Sine
817 2603 913 2667 dubio
933 2607 1042 2667 auctor
1061 2603 1200 2666 dicturus
1223 2604 1300 2677 erat,

139 2709 251 2789 legatis
273 2709 461 2773 mandatum
483 2727 563 2787 esse,
586 2714 633 2788 ut,
660 2712 686 2774 si
708 2712 941 2792 cognouissent,
964 2709 1145 2790 Philippum
1167 2705 1198 2789 (ὁ
1219 2705 1302 2769 ἀπο-

142 2813 283 2897 στείλας)
299 2819 354 2879 aut
371 2816 547 2898 Amyntam
560 2815 591 2896 (ὁ
606 2815 864 2896 ἀπεσταλμένος)
886 2814 970 2878 malo
988 2814 1114 2879 consilio
1126 2813 1300 2877 Athenien-

139 2921 227 2984 sibus
256 2921 479 2985 detrimentum
506 2922 658 3000 intulisse,
682 2923 714 2985 id
741 2925 969 2987 renuntiarent.
1021 2921 1083 2984 Sed
1112 2939 1209 3002 quam
1230 2938 1301 3001 per·

138 3045 252 3108 peram
273 3028 320 3106 id,
341 3029 427 3110 quod
448 3029 617 3110 spectauit,
640 3029 742 3093 uerbis
763 3030 929 3111 expressit!
971 3026 1131 3104 Quidnam
1153 3025 1210 3088 sibi
1231 3025 1300 3089 uult

137 3133 275 3197 uerbum
296 3132 401 3217 lacy?
443 3134 599 3216 Amyntas
620 3134 651 3215 (ὁ
674 3132 931 3215 ἀπεσταλμένος)
954 3151 1031 3196 sane
1053 3130 1121 3214 idr‘p
1142 3132 1161 3194 i.
1174 3149 1300 3194 e.·›sua
1327 3149 1331 3158 ·

137 3244 267 3322 sponte,
294 3260 351 3305 suo
373 3242 516 3318 arbitrie,
544 3262 602 3306 sua
630 3242 808 3318 uoluntate,
838 3241 1005 3323 priuatim«
1029 3257 1138 3320 agere,
1165 3234 1300 3319 Philippi

137 3345 170 3426 (ὁ
193 3346 403 3429 ἀποστείλας)
425 3350 508 3412 iussa
524 3349 708 3425 detrectare,
730 3346 1007 3412 contramandate
1028 3345 1109 3425 regis
1124 3341 1299 3406 Athenien-

135 3455 224 3518 sibus
252 3473 365 3519 nocere
392 3457 509 3537 potuit,
539 3455 594 3519 sed
616 3455 795 3537 Philippus,
819 3456 884 3536 ipse
911 3453 1095 3518 fortissimus
1121 3450 1170 3512 ille
1189 3451 1220 3511 et
1241 3466 1299 3510 an·

135 3561 321 3625 dacissimus
367 3581 422 3626 rex
463 3561 693 3639 Macedonum,
738 3561 837 3643 quid?
879 3579 956 3624 num
995 3560 1020 3622 is
1067 3562 1193 3638 quoqne
1237 3552 1298 3616 alio

134 3686 223 3758 iussu
262 3671 331 3731 erat
367 3669 549 3745 obstrictus,
593 3689 671 3732 num
701 3670 726 3732 is
766 3688 893 3750 quoque
938 3665 1007 3748 ἰδία
1044 3664 1127 3745 egit?
1185 3659 1298 3727 Nonne
1395 3701 1397 3703 ·

138 3779 174 3852 is,
208 3794 415 3857 quascunque
451 3795 499 3839 res
530 3776 639 3857 gessit,
681 3795 751 3840 curn
786 3778 855 3841 uice
887 3776 995 3859 populi
1028 3771 1134 3838 omnia
1166 3768 1297 3847 regeret,

133 3883 279 3966 δημοσίᾳ
306 3883 421 3963 gessit?
475 3882 610 3961 Deinde,
648 3884 724 3965 quid
752 3888 864 3948 sonent
899 3885 1063 3966 sequentia
1091 3881 1203 3944 uerba:
1232 3879 1296 3941 καὶ

132 3988 289 4066 λέγεινί
338 3989 445 4070 Atque
467 3989 621 4070 profecte,
654 4010 859 4074 quascunque
888 3991 955 4055 uias
978 3990 1020 4054 ad
1048 4009 1086 4054 ea
1113 3986 1298 4069 explicanda

132 4093 194 4158 uiri
213 4094 297 4158 docti
317 4094 445 4174 ingressi
466 4099 549 4173 sunt,
570 4132 610 4141 -
632 4098 726 4161 reicio
743 4099 871 4162 lectores
893 4099 934 4162 ad
952 4097 1100 4161 Voenrelii
1123 4100 1232 4160 annot.
1254 4095 1296 4159 ad

1 4211 2 4236 ³
131 4201 164 4264 h.
186 4200 205 4262 l.
228 4235 268 4244 -
290 4219 394 4282 neque
414 4200 583 4265 adhaeres
602 4203 696 4285 plane
716 4205 869 4270 illustrata
888 4209 936 4268 est
954 4224 1058 4287 neque
1080 4203 1293 4279 illustrabitur,
