3054 4706
768 374 810 438 46

208 555 287 621 1843
308 576 338 637 p.
354 554 404 632 ld)
423 553 506 618 banc
528 550 721 618 sententiam
736 571 887 635 respuens
908 552 950 616 ad
971 552 1023 617 illa
1043 552 1143 617 uerba
1167 550 1367 617 defendenda

206 662 349 744 exempla
367 660 479 725 alferat
500 679 538 725 en
558 659 722 724 Boenkhii:
749 659 823 724 Oeo.
847 661 906 724 oin.
929 659 977 736 Ill,
1006 679 1037 722 n.
1059 659 1128 724 XIII
1151 679 1179 723 a.
1201 659 1227 722 l.=
1245 659 1292 722 16.
1314 659 1364 723 97.

207 771 255 835 39.
278 788 310 834 n.
321 768 401 846 XVI,
422 768 453 830 b.
475 766 494 830 l.
519 767 586 830 133.
627 767 713 831 Num
734 766 824 844 tituli,
846 785 927 850 qnos
948 766 1033 843 oltat,
1053 767 1176 831 decreta
1198 765 1366 830 honoraria

206 878 304 941 sunt?
344 874 457 941 Nonne
479 893 589 939 eorum
609 876 694 952 sunt,
719 893 798 956 qnos
814 873 942 938 Boeekh
962 874 1085 938 »titulos
1103 874 1364 967 magistratuum«

208 983 391 1064 nuncupat?
450 982 557 1064 Atque
585 981 723 1064 profecto
753 984 879 1044 tantum
908 980 1076 1046 discrimen
1108 1000 1184 1045 usus
1212 972 1366 1044 scribendi

86 1074 90 1081 ¹
205 1089 367 1155 Interoedit
392 1089 473 1152 inter
501 1089 559 1153 hos
582 1093 613 1153 et
641 1089 769 1153 decreta
793 1092 922 1154 senatus
949 1088 1118 1171 populique
1140 1123 1179 1133 -
1211 1107 1237 1151 e.
1259 1107 1303 1169 gr.
1333 1087 1367 1151 in

205 1197 262 1259 illis
283 1215 377 1278 saepe
398 1194 556 1260 inuenies:
587 1196 644 1258 ἐπὶ
671 1197 727 1277 τῆς
746 1194 933 1273 Ἀντιοχίδος
962 1192 1076 1276 ὀγδόης
1104 1192 1368 1281 πρυτανευούσης

205 1304 306 1367 iuxta:
329 1301 386 1364 ἐπὶ
406 1324 434 1364 τ.
450 1302 487 1366 Ἄ.
503 1301 570 1382 δγδ.
587 1306 783 1383 πρυτανείας
799 1299 954 1383 (Boeokhz
971 1302 1153 1366 Staatshll.
1165 1322 1217 1384 pp.
1234 1302 1270 1365 31
1278 1300 1366 1364 —3d.
1387 1284 1389 1289 ’

208 1405 444 1490 67-71ο1ο.),
475 1410 508 1473 in
529 1409 577 1472 his
597 1409 697 1474 solam
725 1410 861 1473 formam
889 1409 945 1471 ἐπὶ
966 1430 994 1471 τ.
1016 1409 1054 1472 Ἆ.
1077 1408 1143 1489 δγδ.
1170 1412 1368 1490 πρυτανείας
1426 1405 1432 1417 ’

208 1552 246 1561 -
269 1519 305 1580 ut
327 1534 409 1599 qnae
430 1515 560 1579 Voemel
588 1517 718 1598 protuIIt
750 1517 941 1601 documenta
967 1536 1033 1580 non
1053 1515 1218 1580 referenda
1239 1516 1302 1580 sint
1323 1514 1367 1578 ad

206 1623 354 1689 iudicium
376 1622 557 1688 faciendum
585 1622 624 1687 de
645 1623 844 1706 populiscitis.
886 1623 992 1701 Quare
1014 1625 1047 1687 in
1074 1623 1170 1688 titulis
1191 1622 1367 1686 honorariis

206 1730 446 1795 Atheniensium
478 1728 606 1811 quidem
639 1749 806 1812 nunqnam
837 1749 955 1794 nomen
986 1729 1083 1812 patris
1115 1734 1147 1794 et
1174 1727 1366 1792 demolicum

208 1837 482 1919 praetermittitur,
513 1836 548 1901 ιἰι
578 1836 712 1901 decretis
745 1839 854 1901 autem
888 1838 1035 1901 asiaticis
1070 1856 1135 1901 non
1163 1856 1237 1901 raro
1264 1835 1368 1900 solnm

210 1963 326 2009 nomen
347 1944 422 2019 eius,
445 1943 499 2024 qui
520 1962 636 2008 corona
657 1943 772 2025 dignus
791 1943 979 2023 habebatur,
1000 1947 1195 2008 memoratur
1214 1942 1260 2025 (C.
1275 1943 1296 2006 l
1312 1942 1364 2007 Gr.

207 2050 243 2128 ll,
266 2050 346 2114 9059
369 2047 476 2131 (011).)
504 2050 585 2114 9357
610 2047 752 2131 (Carth).
774 2050 857 2114 Add.
877 2054 908 2114 et
930 2069 1007 2115 eorr.
1035 2049 1261 2139 9963ο1Αῐο.)
1284 2048 1365 2131 ete).

207 2157 377 2221 Praeterea
390 2157 506 2220 mirum
519 2157 656 2235 uidetur,
668 2157 755 2239 quod
766 2158 905 2239 quiuque
917 2159 1114 2222 decretorum
1125 2157 1365 2222 honorarIorum

208 2264 392 2341 atticorum,
423 2282 506 2345 quae
534 2264 566 2326 in
595 2282 638 2327 or.
661 2264 702 2328 de
721 2283 782 2328 eor.
806 2268 948 2342 exstant,
978 2266 1038 2330 tria
1058 2266 1099 2329 ad
1122 2264 1366 2328 Demosthenem

207 2370 396 2452 pertinentia
416 2370 511 2453 plena
529 2371 661 2435 oratoris
684 2372 815 2436 nomina
836 2372 1001 2448 exhibent,
1027 2391 1110 2455 quae
1131 2371 1246 2438 scilieet
1265 2371 1367 2449 multo

208 2476 332 2543 notiora
360 2480 466 2554 erant,
495 2497 593 2560 quam
619 2477 771 2543 Nausielis
799 2478 831 2561 (§
855 2478 942 2561 115),
972 2477 1151 2543 Charidemi
1179 2478 1368 2560 DioIImique

209 2580 347 2664 (6116).

290 2689 441 2753 Uenimus
468 2689 532 2754 iam
559 2689 602 2752 ad
629 2690 847 2771 magistratum
877 2691 895 2752 δ
926 2691 982 2753 ἐπὶ
1012 2693 1067 2775 τῆς
1095 2690 1161 2776 (τῇ)
1183 2690 1369 2774 διοικήσεως

206 2793 320 2879 (dou)
341 2799 500 2860 uocatum.
543 2795 639 2861 Cuius
659 2796 699 2861 de
728 2798 937 2880 appellatione
962 2799 1113 2880 quonlam
1133 2818 1229 2880 supra
1252 2799 1294 2881 (p.
1313 2797 1368 2879 97)

206 2904 281 2967 satis
309 2901 454 2979 disserui,
488 2901 549 2967 hoe
577 2902 646 2967 loeo
677 2904 773 2970 modo
801 2903 919 2968 addam
946 2936 984 2948 -·
1014 2904 1047 2968 id
1079 2904 1165 2986 quod
1192 2904 1370 2986 Droysen

209 3008 243 3091 (l.
274 3031 305 3092 p.
328 3007 401 3089 996)
430 3008 549 3090 primus
580 3009 804 3074 animaduertit
833 3045 886 3089 -,
918 3011 997 3075 mira
1026 3016 1058 3075 et
1077 3011 1271 3076 incredibilia
1300 3029 1370 3073 esse

207 3117 322 3181 uerba:
342 3114 386 3177 ου’
404 3115 629 3196 δυναμένου
645 3115 827 3197 Φίλωνος,
849 3119 922 3189 τοῦ
942 3118 1005 3180 ἐπὶ
1022 3120 1089 3202 τῆς
1106 3118 1135 3181 δ.
1151 3138 1371 3198 κεχειροτο-

209 3230 388 3306 νημένον
410 3221 473 3285 διδ
489 3221 779 3305 vaegrandem
797 3224 1372 3307 πλεῦσαικαὶμισθοδοτῆσαι

207 3330 300 3417 τους
320 3328 501 3403 ὁπλίτας.
545 3329 698 3408 Quisnam
721 3351 865 3415 unquam
886 3332 1052 3410 audiuerit,
1077 3333 1182 3413 ipsum
1203 3349 1365 3397 summum

208 3439 403 3521 praelectum
434 3437 545 3502 aerarii
565 3439 803 3520 tempestatibus
824 3439 938 3504 exortis
966 3439 1118 3519 nauigare
1136 3457 1202 3502 nnn
1221 3437 1366 3520 potuisse,

208 3550 244 3609 nt
272 3544 420 3611 militibus
449 3542 640 3626 stipendium
667 3545 825 3610 solueret?
874 3545 959 3609 Num
988 3544 1118 3608 omnino
1145 3563 1242 3626 penes
1271 3559 1370 3607 unum
1418 3606 1421 3611 .

209 3652 363 3735 peenrdae
388 3654 496 3728 erant,
528 3667 610 3733 quae
635 3652 784 3716 exercitui
812 3651 1038 3733 stipendiorum
1066 3651 1249 3714 meritorum
1276 3667 1373 3714 eausa

209 3759 336 3825 dandae
366 3759 480 3822 erant?
532 3756 649 3836 Immo,
679 3760 735 3824 sed
761 3759 881 3823 aerario
901 3758 1028 3822 militari
1058 3757 1303 3821 AthenIensium
1334 3773 1375 3819 ex

207 3868 349 3948 tempore
379 3863 514 3928 Euclidis
546 3869 662 3946 ταμίαι
688 3865 941 3946 στρατιωτικῶν,
977 3864 1032 3947 qui
1058 3863 1221 3941 dmuntur,
1256 3861 1374 3944 aliique

207 3972 414 4052 magistratus
441 3973 473 4034 et
502 3971 621 4036 maiore
659 3975 690 4036 et
721 3972 842 4036 minore
878 3970 1063 4036 auctoritate
1095 3971 1263 4051 praeerant
1296 3966 1374 4049 (uid.

208 4078 352 4144 Boerkh:
375 4077 515 4142 Staatsh.
530 4078 553 4156 1,
574 4100 605 4161 p.
619 4079 679 4143 916
691 4077 780 4162 τοο.)
822 4076 927 4155 Quare
940 4076 1079 4154 Voemel,
1101 4075 1189 4140 haud
1210 4075 1371 4157 ignorans,

209 4188 253 4271 id,
275 4186 359 4271 quod
382 4186 416 4249 in
431 4183 449 4266 d
463 4187 522 4251 115
537 4186 577 4251 de
593 4203 725 4251 munere
739 4186 798 4248 τοῦ
814 4183 870 4246 ἐπὶ
886 4186 941 4266 τῆς
963 4180 1148 4265 διοικήσεως
1168 4182 1376 4258 memoratur,
