3054 4706
765 390 807 454 44

207 569 297 632 tanta
310 569 486 633 ¹subtilitate
506 572 537 632 et
565 588 640 634 cura
661 570 750 632 erant
771 570 916 645 exarata,
945 570 982 632 ut
1002 567 1078 631 mihi
1105 586 1290 650 persuasum
1310 570 1359 646 sit,

205 675 238 738 in
267 677 403 756 genuino
430 676 641 758 psephismate
669 677 768 740 socios
796 676 879 754 illos,
909 675 1021 758 quibus
1049 675 1275 740 Demosthenes
1304 696 1360 758 per

205 781 331 844 decreta
352 787 445 862 opem
466 782 545 860 tulit,
566 801 631 845 non
653 783 849 863 generalibus
869 781 925 845 illis
946 782 1057 858 uerbis,
1083 783 1153 858 sed,
1176 801 1239 866 quo
1261 783 1360 863 magis

205 886 423 951 Demosthenis
455 887 566 951 merita
595 888 767 965 elucerent,
811 888 911 953 multo
938 888 1114 952 accuratius
1143 908 1208 952 esse
1235 892 1360 954 notatos

206 991 254 1072 (cf.
276 993 417 1075 Droysen
436 994 457 1057 Ι.
479 1015 509 1077 p.
531 992 614 1075 817).
666 1017 669 1021 ’
744 1028 746 1037 v
825 984 830 993 ¹

287 1099 406 1164 Deinde
430 1102 521 1167 nimis
538 1103 673 1165 uerbosa
691 1104 738 1164 est
759 1102 909 1165 formula:
936 1101 1002 1162 καὶ
1022 1099 1214 1183 πρότερον
1234 1102 1298 1164 καὶ
1318 1103 1336 1164 ἐ
1344 1125 1362 1165 ν

206 1205 255 1283 τῷ
282 1205 451 1286 παρόντι
480 1209 614 1286 καιρῷ,
644 1226 783 1288 quacum
804 1207 946 1270 conferas
969 1207 1159 1272 locutionem
1187 1209 1256 1291 plus
1277 1211 1359 1274 insto

205 1311 343 1393 amplam
366 1313 398 1375 in
419 1312 437 1393 ξ
460 1314 513 1376 181
523 1335 533 1376 ¹:
562 1314 598 1373 ἔν
622 1332 657 1372 ιε
683 1314 730 1392 τῷ
750 1311 995 1394 παρεληλυθότι
1015 1312 1119 1394 χρόνῳ
1143 1351 1182 1361 --
1204 1317 1238 1377 ἔν
1259 1339 1296 1377 τε
1317 1319 1363 1395 τῷ

204 1416 355 1498 παρόντι.
397 1419 486 1497 Quae
508 1439 578 1485 cum
600 1419 703 1502 sapori
722 1420 822 1500 magis
850 1426 1030 1484 caterarara
1048 1423 1189 1502 pentima
1211 1420 1260 1500 (of.
1282 1421 1315 1486 C.
1339 1422 1360 1485 Ι.

205 1525 256 1589 Gr.
289 1525 323 1603 II,
344 1526 425 1589 3783
453 1525 629 1607 (Aphrodt
658 1524 873 1608 33351756.)
904 1527 984 1589 3605
1006 1525 1073 1608 (D).
1103 1528 1183 1591 3495
1209 1528 1360 1612 (Thyatt

206 1632 295 1695 3067.
317 1633 399 1696 Add.
415 1630 655 1715 33340)1]1111111
669 1633 919 1710 Atheniensium,
942 1652 1075 1714 quorum
1098 1634 1131 1696 in
1153 1634 1284 1697 decretis
1304 1654 1360 1698 seu

205 1760 241 1797 τι
272 1739 331 1800 νῦν
362 1739 416 1800 καὶ
448 1740 495 1801 ἔτι
527 1739 679 1821 (Boeckht
716 1740 854 1803 Staatsh.
884 1739 925 1816 II,
959 1760 989 1820 p.
1020 1737 1108 1820 749),
1129 1758 1185 1802 seu
1215 1738 1269 1800 nai
1301 1742 1361 1801 νῦν

204 1843 258 1905 καὶ
292 1844 328 1906 ἐν
365 1848 410 1926 τῷ
449 1847 641 1926 ἔμπροσθεν
672 1843 849 1926 (πρόσθεν)
884 1843 988 1925 χρόνῳ
1023 1843 1072 1925 (C.
1106 1845 1127 1907 Ι.
1160 1845 1211 1909 Gr.
1246 1846 1268 1923 I,
1304 1866 1358 1909 nn.
1386 1924 1389 1931 ῃ

208 1951 274 2013 103.
301 1952 368 2015 107.
396 1953 575 2016 Kirehhoff:
607 1954 628 2016 I.
651 1953 690 2017 A.
713 1953 735 2031 I,
758 1953 862 2016 1115.
896 1952 1068 2033 Rangahe:
1089 1951 1128 2015 A.
1149 1952 1189 2016 H.
1211 1971 1265 2015 nn.
1288 1954 1360 2017 397.

205 2056 275 2119 464.
290 2057 364 2138 533)
385 2059 513 2140 reperio,
536 2060 755 2141 respondeant,
777 2079 843 2123 non
865 2060 981 2123 mirum
1004 2062 1060 2136 est,
1082 2059 1168 2141 quod
1187 2061 1218 2123 in
1234 2060 1360 2124 decreto

202 2161 424 2244 Byzantiorum
445 2164 475 2246 (ξ
493 2166 545 2246 90)
566 2166 713 2247 legimus:
737 2169 772 2227 ἒν
794 2188 830 2226 τε
848 2169 915 2238 τοῖς
937 2167 1219 2246 προγεγεναμένοις
1238 2169 1358 2247 καιροῖς

206 2303 243 2313 -
267 2269 302 2330 ἕν
323 2291 359 2329 aa
380 2273 425 2353 τῷ
447 2269 792 2353 παρεστακότικαιρῷ.

286 2375 429 2458 Denique
445 2380 561 2442 haereo
572 2378 604 2442 in
616 2380 720 2443 uerbis
741 2377 922 2441 irasciet
942 2372 1082 2451 εὔνοις
1102 2373 1154 2438 ὢν
1174 2381 1223 2457 τῷ
1243 2376 1360 2461 δήμῳ,

207 2501 299 2562 quae,
319 2501 383 2565 quo
410 2484 514 2547 minus
535 2485 568 2547 in
589 2485 808 2566 psephismatis
829 2485 1085 2562 Atheniensium,
1106 2485 1138 2547 in
1160 2485 1283 2566 quibus
1305 2486 1360 2549 ubi

204 2588 244 2650 de
264 2588 420 2654 beneuolo
440 2593 508 2655 uiro
530 2611 633 2655 sermo
654 2594 710 2669 est,
743 2611 867 2674 semper
888 2592 1038 2673 scriptum
1061 2591 1204 2654 inuenio:
1232 2590 1361 2674 (αρετῆς

204 2693 297 2755 ἕνεκα
325 2694 391 2775 καὶ)
420 2696 545 2770 εὐνοίας
573 2696 618 2776 (C.
642 2697 663 2760 I.
684 2698 735 2761 Gr.
765 2698 788 2775 I,
817 2718 871 2761 nn.
906 2699 974 2760 101.
1004 2698 1070 2760 107.
1099 2697 1216 2760 Franz:
1244 2698 1282 2760 el.
1311 2719 1359 2780 ep.

203 2820 234 2862 n.
256 2799 310 2882 60)
331 2806 469 2880 exstant,
491 2823 528 2867 eo
549 2804 673 2885 saepius
693 2805 725 2866 in
746 2803 842 2867 titulis
862 2803 1036 2867 honorariis
1058 2804 1239 2884 praesertim
1259 2801 1360 2868 Grae-

205 2926 310 2970 corum
333 2910 539 2973 asiaticarum
560 2909 654 2973 obuia
676 2914 751 2972 sunt
774 2908 824 2990 (C.
847 2909 869 2971 Ι.
889 2909 941 2973 Gr.
963 2908 997 2986 n,
1018 2909 1135 2972 30531)
1158 2908 1256 2990 (Mes.)
1278 2910 1359 2974 3335

203 3010 316 3094 (Ten).
337 3014 427 3079 3353.
449 3016 539 3079 3351.
562 3016 641 3079 3357
665 3013 806 3096 (Carth).
831 3015 953 3078 3068ss
976 3012 1055 3095 (Te.)
1077 3013 1157 3096 eta).

717 3141 747 3202 p.
772 3121 840 3183 105.

284 3225 431 3290 Continet
461 3228 521 3292 hoc
545 3226 741 3316 »ψήφισμαι
764 3230 986 3308 argumentum
1016 3225 1090 3307 legis
1112 3227 1152 3289 de
1179 3247 1213 3289 re
1235 3224 1359 3288 trierar-

202 3332 290 3397 chica
312 3353 332 3398 a
354 3334 564 3399 Demosthene
585 3339 714 3416 rogatae
735 3334 892 3416 (Voemelz
921 3354 1024 3417 progr.
1049 3334 1178 3412 18651).
1200 3331 1243 3412 4),
1264 3351 1358 3411 arga·

202 3444 345 3505 mentum
372 3462 464 3520 sane,
500 3463 563 3525 quo
589 3443 716 3506 breuius
744 3443 797 3506 uix
837 3442 989 3505 conscribi
1018 3442 1129 3524 possit,
1160 3459 1232 3502 eum
1260 3437 1359 3501 uerba

204 3552 347 3612 tantum:
376 3555 635 3632 Δημοσθένης
663 3553 958 3631 Δημοσθένους
987 3543 1204 3616 Παιανιεύς
1230 3539 1359 3625 εἰσήν-

203 3677 311 3735 εγκεν
334 3654 453 3736 νόμον
479 3657 531 3729 εἰς
559 3658 599 3720 τό
628 3634 912 3738 ιριήραρχικόν
933 3654 1023 3716 dari
1051 3654 1121 3714 τοῦ
1143 3647 1359 3732 πρότερον,

202 3763 292 3825 καθ’
313 3761 357 3825 ὃν
373 3762 414 3825 αἱ·
433 3763 665 3827 συντέλειαι
677 3753 700 3847 ἦ
712 3781 786 3828 σαν
799 3765 874 3824 τῶν
886 3759 1110 3844 τριηράχαιν
1126 3758 1358 3840 complectatur.

202 3869 346 3946 Quorum
360 3869 495 3932 alteram
507 3873 640 3952 partem,
662 3889 754 3952 quae,
769 3870 827 3933 nisi
839 3867 986 3934 Boeckhii
1002 3866 1236 3949 sagacissimam
1252 3885 1360 3928 emen·

202 3973 498 4058 dationemveiom.
521 3974 622 4056 ripae
641 3975 862 4058 ιριηραρχικόν
882 3975 1031 4045 (Staatsh.
1053 3974 1075 4051 l,
1097 3995 1127 4056 p.
1151 3974 1210 4036 737
1233 3992 1307 4036 ann.
1327 3971 1359 4058 a)

202 4082 385 4162 accipimus
422 4084 551 4147 omnino
582 4085 645 4148 fere
678 4082 823 4163 explicari
851 4083 960 4164 nequit
988 4079 1037 4162 (ci.
1069 4079 1240 4144 Newman:
1272 4078 1359 4142 class.

201 4187 279 4251 Mus.
301 4187 322 4265 I,
345 4210 375 4271 p.
400 4188 481 4271 155),
511 4188 763 4272 praetermittens
783 4191 910 4252 transeo
932 4188 974 4252 ad
995 4186 1129 4250 alteram
1151 4185 1359 4250 sententiam:
