3054 4706
138 603 215 667 καθ’
237 603 274 668 ὃν
361 602 568 688 τριηράρχων.
617 606 653 669 In
674 622 771 688 quam
792 605 817 668 si
836 604 1038 688 inquirimus,
1059 610 1290 692 cognoscimus,

136 710 353 794 imperfectum
379 700 464 795 ἦσαν
492 712 645 793 abrogata
672 714 799 781 tanturn
826 712 927 794 priore
955 712 1022 792 lege
1050 715 1124 794 poni
1145 719 1289 798 potuisse,

137 819 156 881 i.
184 839 210 882 e.
241 820 302 885 hoc
333 820 559 885 documentum
585 819 793 901 compositum
823 838 889 882 esse
909 819 1060 884 Patroclis
1092 827 1290 891 accusatione

137 926 241 1007 legum
263 926 451 990 uiolatarum
471 926 513 989 ad
534 925 666 989 nihilum
687 925 816 991 redacta
826 926 1108 1010 Demosthenisque
1128 931 1290 1011 rogatione

137 1016 279 1097 omnuim
315 1032 556 1096 Atheniensium
590 1051 743 1095 consensu
777 1032 919 1114 probata.
969 1033 1040 1096 Non
1068 1034 1162 1116 igitur
1188 1038 1290 1119 ipsum

137 1135 312 1224 ψήφισμα,
340 1139 426 1221 quod
445 1141 661 1221 exspectamus
685 1137 715 1221 (ᾖ
739 1139 815 1202 105:
836 1139 891 1201 καὶ
910 1161 965 1219 μοι
992 1139 1062 1220 λέγε
1082 1144 1212 1223 npdror
1231 1150 1292 1225 μὲν

137 1248 174 1306 τό
198 1243 564 1331 ψήφισμα),1]91)9ηιυε.
597 1284 600 1289 -

217 1353 387 1417 Praeterea
401 1373 440 1417 ex
452 1352 569 1417 uerbis:
591 1352 656 1418 καὶ
676 1346 1144 1436 ἐπεχειροτόνησεν....ὁ
1166 1357 1289 1440 δῆμος·

89 1464 94 1473 “
136 1459 204 1521 καὶ
225 1458 452 1542 ἀπήνεγκεν
473 1457 545 1522 κτὲ.
566 1463 662 1542 patet,
685 1460 802 1543 populo
825 1461 953 1527 demum
975 1462 1007 1525 in
1028 1462 1176 1545 suffragio
1196 1466 1291 1529 misso
1319 1510 1321 1515 ,

136 1567 312 1639 Patroclem
334 1568 381 1631 ius
402 1567 572 1631 iurandum
592 1568 826 1648 interposuisse,
854 1568 940 1650 quod
961 1568 996 1633 iis
1016 1573 1185 1651 repugnat,
1208 1592 1292 1654 quae

135 1674 362 1738 Demosthenes
383 1674 415 1738 in
438 1673 475 1756 ἐξ
499 1674 556 1737 100
577 1676 608 1738 91
632 1674 689 1737 103
711 1677 910 1757 exposuerat,
938 1694 1011 1739 cum
1032 1677 1097 1758 ipse
1118 1672 1223 1741 orator
1242 1680 1291 1742 in·

135 1781 284 1859 dicasset,
312 1781 506 1858 Patroclem,
532 1785 706 1864 antequam
732 1781 866 1863 populus
896 1782 930 1845 in
960 1781 1146 1864 suffragium
1174 1785 1289 1864 inisset,

135 1888 288 1970 rogationi
308 1889 522 1952 intercessisse.

216 1996 324 2059 Uerba
343 1995 396 2057 καὶ
418 1995 457 2056 cd
479 2001 574 2076 μέρος
594 1996 659 2057 τῶν
681 1993 805 2082 ψήφων
826 1993 864 2056 ori
874 1994 985 2075 λαβών
1005 1996 1093 2059 haud
1114 1997 1291 2079 discrepant

136 2102 178 2166 ab
200 2102 245 2178 iis,
269 2102 382 2185 quibus
401 2102 628 2167 Demosthenes
654 2101 749 2184 paulo
771 2105 845 2166 ante
872 2100 904 2183 (ἓ
928 2103 985 2166 103
1007 2102 1044 2166 91.
1067 2101 1105 2184 ἓξ
1126 2104 1196 2168 bit.
1216 2105 1289 2186 050)
1416 2153 1418 2157 .
1520 2104 1521 2107 ’

135 2229 211 2273 usus
230 2213 306 2286 erat,
328 2208 384 2272 sed
406 2210 492 2292 quod
515 2208 557 2273 ad
582 2208 678 2273 finem
692 2208 875 2272 adaerere:
908 2207 1078 2272 ἀπέτισε
1103 2210 1174 2283 τοὶς
1203 2233 1290 2274 πεν-

134 2320 324 2388 τακοσίας
343 2315 518 2397 δραχμάς
540 2316 669 2393 attinet,
698 2316 858 2393 miremur,
888 2315 974 2397 quod
995 2316 1073 2380 haec
1094 2318 1289 2397 potissimum

131 2425 268 2504 pecunia
290 2427 565 2500 commemoratur,
587 2441 782 2505 quamquam
803 2423 878 2486 satis
898 2425 1030 2500 constat,
1048 2422 1182 2489 Athenis
1203 2445 1286 2505 eum,

133 2531 190 2613 qui
209 2530 323 2594 falsam
342 2530 497 2595 actionem
519 2529 762 2606 denuntiauerit,
783 2549 848 2593 non
872 2529 1072 2611 quingentas,
1095 2531 1149 2595 sed
1170 2531 1289 2614 legibus

131 2637 314 2700 iubentibus
334 2637 417 2701 mille
436 2635 604 2700 drachmas
620 2635 742 2705 soluere
761 2636 904 2700 debuisse
925 2635 1148 2717 (Schoemann,
1169 2638 1289 2703 Griech.

131 2743 197 2807 Ait.
217 2743 237 2807 l.
260 2764 290 2825 p.
306 2743 389 2824 499).
432 2743 516 2807 Sane
538 2743 604 2806 fieri
616 2743 726 2824 potuit,
748 2746 785 2808 ut
803 2743 937 2825 populus
957 2744 1115 2808 interdum
1136 2745 1291 2810 minorem

132 2850 269 2914 multam
291 2851 491 2915 constitueret
513 2848 671 2932 (Voemetz
690 2869 792 2932 progr.
810 2849 897 2915 1845.
920 2871 949 2932 p.
967 2850 997 2927 5,
1020 2850 1057 2915 cf.
1072 2850 1288 2916 Schoemann:

5 2986 7 2991 ·
131 2959 153 3022 l.
175 2979 202 3023 c.
232 2980 263 3040 p.
284 2959 346 3022 500
366 2978 398 3021 n.
420 2957 467 3037 1),
497 2957 552 3020 sed
580 2956 710 3020 articulo
730 2955 789 3030 τοὶς
814 2957 1035 3039 prohibemur,
1067 2958 1236 3040 quominus
1257 2959 1289 3022 id

5 3104 7 3151 2
130 3066 284 3130 hocloco
304 3065 507 3129 factumesse
529 3063 727 3144 accipiamus,
769 3063 878 3145 Itaque
900 3067 1019 3141 auctor,
1043 3064 1097 3145 qui
1118 3065 1221 3128 nescio
1243 3085 1286 3129 an

5 3156 7 3191 ³
129 3192 256 3237 morem
277 3171 415 3254 patrium
430 3173 554 3235 secutus
567 3171 616 3248 sit,
637 3170 699 3234 hac
720 3189 848 3251 quoque
862 3169 898 3232 in
920 3189 954 3232 re
974 3170 1163 3251 imperitiam
1185 3191 1288 3254 quan·

129 3280 210 3344 dam
238 3299 341 3343 rerum
367 3277 609 3342 Atheniensium
637 3297 713 3358 prae
750 3296 783 3339 se
819 3276 879 3340 fert
917 3273 966 3354 (ct.
995 3275 1165 3340 Newman:
1202 3277 1289 3342 class

127 3385 214 3451 Mus
237 3385 258 3468 I,
281 3407 311 3468 p.
336 3383 416 3465 155).

654 3487 673 3569 5
696 3488 765 3553 115.

98 3664 103 3670 ,
214 3598 356 3664 Primam
368 3615 479 3661 ansam
500 3594 748 3678 reprehensionis
766 3593 918 3676 praebent
943 3595 1058 3659 uerba:
1079 3598 1287 3677 στεφανῶσαι

126 3813 373 3879 Atheniensium
401 3810 522 3875 numiui
548 3810 630 3886 eius,
667 3808 720 3890 qui
748 3807 948 3871 coronandus
976 3810 1007 3871 et
1035 3810 1288 3890 pronuntiandus

126 3922 218 3998 erat,
247 3923 305 3984 aut
333 3936 450 3982 nornen
476 3916 572 3999 patris
600 3914 690 3997 (0.1.
719 3914 771 3979 Gr.
794 3910 817 3994 I,
836 3916 886 3978 93.
916 3914 1076 3980 101115.
1110 3915 1227 3992 Frann3
1249 3919 1287 3982 el.

126 4049 180 4111 ep.
205 4046 259 4091 nn.
281 4027 330 4090 68.
353 4022 406 4106 69)
434 4026 489 4087 aut
518 4027 549 4087 et
569 4041 685 4086 nornen
710 4021 808 4104 patris
836 4024 867 4085 et
887 4021 960 4104 pagi
988 4020 1035 4101 (G.
1056 4021 1078 4085 Ι.
1100 4021 1151 4086 Gr.
1173 4022 1195 4101 1,
1219 4023 1287 4088 101.

127 4135 193 4199 115
214 4134 252 4203 ct.
272 4132 354 4196 decr.
376 4132 408 4194 in
431 4149 474 4194 or.
497 4129 536 4192 de
558 4148 619 4193 cor.
651 4125 689 4208 ἐξ
709 4128 759 4192 54.
782 4128 830 4191 81.
855 4128 1017 4204 118181)
1044 4129 1215 4195 adderetur
1236 4131 1286 4211 (cf.

124 4241 274 4322 Droysen
294 4240 314 4302 l.
336 4260 367 4321 p.
386 4238 472 4316 aab).
514 4235 632 4299 Parum
652 4233 747 4315 igitur
766 4232 920 4314 intellego,
949 4252 1006 4298 cur
1026 4233 1154 4299 Voenrel
1171 4234 1286 4319 (progr.
