3054 4706
89 599 121 663 in
142 594 191 658 his
211 594 453 676 compositorum
477 593 628 676 ἐκκλησία
649 592 822 674 σύγκλητος
836 592 941 655 notari
963 589 1014 673 (oi.
1030 589 1248 655 Schoemann:
1335 576 1366 647 τ’
1418 576 1424 657 f
1438 592 1462 657 ’θ’
1487 598 1495 639 ἒ

89 700 128 764 de
149 720 229 764 nom.
252 722 281 782 p.
300 701 339 764 77
360 721 426 784 seq.
448 700 566 782 Pauly:
589 698 894 782 Reaieneyktopadie
914 717 937 761 s.
962 717 992 760 v.
1015 696 1165 779 ἐκκλησία
1186 699 1248 763 nol.
1373 773 1381 781 „
1400 702 1413 787 f,

88 807 135 884 HI,
157 828 199 889 p.
224 808 252 872 3.
282 807 473 875 Hermann:
502 807 670 871 Lehrbuoh
703 807 758 869 der
789 805 902 887 griech.
931 805 1090 870 Staatsalt.
1120 804 1138 886 ἓ
1169 807 1248 889 tae).
1383 806 1400 877 ᾗ,
1475 862 1477 865 ,
1513 865 1516 892 ,ζ

87 913 290 979 Decretorum
320 917 428 977 autem
458 914 499 976 ad
533 915 693 977 contiones
730 914 991 978 extraordinarias
1026 914 1247 997 pertinentium
1320 926 1322 931 ‘
1350 926 1368 985 J
1468 962 1471 989 ,η
1501 924 1517 1033 γἱ

86 1021 119 1082 in
149 1021 291 1084 oratione
320 1019 360 1082 de
395 1039 512 1085 corona
547 1020 611 1083 duo
641 1019 851 1101 reperiuntur:
881 1019 960 1100 §37
990 1024 1021 1084 et
1051 1019 1088 1102 ἐξ
1112 1022 1248 1099 73-74,
1423 1060 1430 1101 3
1502 1046 1516 1101 i

88 1145 224 1208 quarum
237 1125 278 1188 iiii
290 1126 404 1189 uerba:
421 1122 634 1206 συγκλήτου
651 1124 869 1207 ἐκκλησίας,
886 1126 934 1190 his
949 1127 1049 1191 uerba
1064 1127 1249 1209 ἐκκλησία
1347 1140 1348 1143 ’
1502 1104 1504 1125 1

88 1229 306 1313 σύγκλητος
318 1233 513 1314 praescripta
524 1235 608 1295 sunt.
651 1232 761 1315 Itaque
775 1234 947 1313 quaeritur,
963 1235 1069 1297 utrum
1085 1235 1248 1315 genetiuus
1355 1234 1359 1235 ἢ

81 1329 251 1402 absolutus
264 1338 303 1420 ¹),
326 1359 368 1403 an
392 1339 607 1402 nominatiuus
630 1339 765 1403 sermoni
786 1339 900 1403 forensi
921 1341 1161 1405 Atheniensium
1180 1363 1249 1406 res·
1339 1339 1343 1347 ’

86 1434 249 1526 ροούοοίί.Δ
284 1445 446 1527 Equidem,
469 1448 504 1509 ut
529 1445 588 1508 hoo
608 1445 670 1508 iam
692 1445 760 1508 ioco
781 1445 813 1508 id
837 1446 923 1528 quod
941 1448 1041 1510 sentio
1065 1468 1250 1526 memorem,
1360 1522 1362 1527 ¹

86 1553 320 1615 nominatiuum
341 1552 581 1634 praeterendum
605 1571 670 1614 esse
692 1551 834 1615 arbitror.
876 1553 957 1616 Nam
972 1574 1168 1636 quamquam
1183 1576 1248 1620 non

86 1658 228 1739 lapideas
241 1659 456 1742 inscriptiones
470 1660 633 1735 habemus,
651 1658 764 1740 quibus
778 1659 857 1722 haee
868 1662 1023 1725 sententia
1035 1662 1247 1740 confirmetur,

86 1768 196 1828 tamen
219 1766 382 1845 genetiuus
404 1767 457 1828 uix
478 1766 639 1847 probatur,
662 1784 726 1828 non
748 1764 834 1846 quod
857 1765 889 1829 in
911 1764 929 1845 ἓ
950 1766 989 1828 73
1007 1768 1075 1831 cod.
1096 1773 1124 1831 Σ
1143 1769 1247 1853 ἐκκλη-

86 1875 146 1934 σία
167 1870 340 1954 σύγκλητος
359 1872 498 1947 exhibet,
530 1871 585 1934 sed
607 1871 693 1953 quod
717 1870 870 1934 formulae
897 1872 1049 1953 ἐκκλησιά
1070 1880 1164 1955 κυρία
1185 1877 1247 1957 (uel

85 1979 190 2051 simii.)
220 1981 251 2042 et
277 1977 376 2061 βοολη
413 1979 453 2057 ἐμ
479 1976 693 2059 βουλευτηρίῳ
727 1988 770 2055 (ο.
799 1998 829 2059 p.
853 1978 885 2053 7)
925 1982 1044 2044 certam
1083 1983 1247 2063 quandam

85 2086 266 2171 analogiam
294 2085 481 2149 nominatiui
512 2084 666 2165 praebent
702 2084 752 2161 (oi.
782 2083 933 2165 Spengel:
970 2085 1049 2150 Mus.
1081 2088 1185 2151 Rhen.
1212 2089 1246 2166 H,
1275 2153 1277 2159 ,
1382 2138 1384 2145 τ

5 2244 7 2275 ,
86 2212 116 2273 p.
133 2191 215 2272 390),
258 2190 404 2257 Ceterum
421 2192 585 2271 genetiuus
604 2188 781 2272 συγκλήτου
803 2189 971 2274 ἐκκλησίας
985 2192 1072 2257 haud
1094 2195 1247 2260 dissimilis
1351 2178 1356 2209 ⁵

5 2280 7 2317 t
86 2302 133 2362 aa
153 2299 289 2380 geneturi
312 2297 455 2373 ausona,
477 2298 530 2380 qur
552 2299 584 2360 in
606 2297 639 2361 o.
661 2296 682 2358 r.
705 2297 756 2360 ur.
777 2296 812 2374 n,
837 2318 868 2360 n.
885 2299 966 2362 roso
988 2299 1084 2376 ion.)
1102 2282 1255 2365 occurrit?

5 2452 7 2473 2
85 2405 194 2470 Maiori
216 2405 378 2468 offensioni
403 2404 518 2482 uerba,
549 2423 631 2485 quae
655 2404 687 2466 in
710 2402 747 2484 §d
772 2404 810 2467 37
833 2408 865 2467 et
883 2405 923 2468 73
944 2409 1136 2487 sequuntur,
1167 2405 1247 2493 ύττέ

5 2482 6 2509 ¹
86 2514 323 2593 στρατηγῶν,
344 2532 410 2575 esse
432 2514 569 2593 possunt.
613 2509 676 2573 Etsi
700 2511 783 2573 enim
804 2512 878 2574 satis
900 2515 1032 2589 constat,
1057 2513 1152 2576 duces
1174 2514 1247 2578 heiti

84 2622 229 2699 tempore
258 2618 447 2701 trepidisque
475 2618 568 2681 rebus
595 2622 626 2680 et
654 2617 833 2681 contionem
861 2619 966 2700 populi
993 2619 1058 2683 fieri
1087 2621 1194 2684 iubere
1209 2625 1247 2691 ¹et

84 2725 213 2788 comitia
233 2725 382 2806 impedire
403 2726 548 2806 potuisse,
571 2727 676 2788 tamen
699 2727 808 2788 nostra
828 2727 933 2789 aetate
952 2727 1144 2807 peritissimis
1164 2730 1247 2793 anti·

89 2833 248 2912 quitatum
270 2851 456 2912 graecarum
478 2832 552 2894 uiris
581 2850 645 2894 non
668 2831 800 2896 dubium
824 2833 950 2895 uidetur
971 2852 1052 2909 esse,
1080 2835 1157 2916 quin
1182 2855 1246 2899 non

84 2937 187 3001 solum
211 2938 405 3014 ordinariae,
429 2958 541 3001 uerum
565 2939 660 3001 etiam
679 2938 946 3002 extraordinariae
968 2941 1129 3004 contiones
1150 2944 1247 3024 atque

85 3043 146 3108 hae
161 3044 288 3125 quidem
306 3045 485 3109 auctoribus
500 3045 551 3107 uel
566 3045 782 3125 flagitantibus
797 3045 929 3108 ducibus
943 3047 1046 3109 asoiis
1060 3049 1246 3130 prytanihus

84 3155 279 3214 conuocatae
300 3152 362 3213 sint
384 3151 536 3232 (Droysen
552 3151 574 3225 I,
596 3169 625 3231 p.
642 3152 718 3225 8003
740 3151 958 3215 Schoemann:
980 3152 1090 3216 Grieoh
1112 3154 1245 3218 Alterth.

83 3277 115 3339 p.
129 3257 190 3320 437
207 3257 269 3320 noi.
287 3256 315 3331 1;
338 3257 521 3320 Rehdantz:
543 3255 771 3320 Demosthenes
786 3257 915 3339 philipp.
926 3258 1047 3336 Reden,
1059 3259 1140 3342 Lips
1158 3260 1245 3338 1870,

81 3364 180 3445 praei.
201 3383 231 3444 p.
251 3361 318 3444 59).
360 3363 453 3440 Quod
475 3364 500 3426 si
516 3366 635 3427 rectum
664 3367 719 3439 est,
742 3363 856 3427 uerba:
886 3363 1060 3447 συγκλήτου
1078 3367 1246 3449 ἐκκλησίας

81 3468 152 3530 aad
181 3472 367 3551 στρατηγῶν
395 3469 448 3531 καὶ
476 3467 668 3550 πρυτάνεων
699 3468 730 3551 (ἓ
752 3468 808 3551 37)
840 3490 917 3535 sane
945 3492 1011 3535 non
1038 3472 1083 3536 ita
1109 3473 1245 3537 multum

80 3575 258 3640 abhorrent
287 3596 307 3640 a
337 3577 436 3641 Thue.
466 3577 517 3653 IV,
550 3578 617 3654 118,
645 3576 663 3657 ἓ
688 3577 740 3641 14:
775 3576 947 3660 ἐκκλησίαν
976 3578 1014 3640 δὲ
1046 3577 1246 3660 ποιήσαντας

84 3678 163 3752 τούς
194 3682 391 3763 στρατηγούς
418 3683 472 3745 καὶ
501 3681 576 3756 τούς
596 3681 784 3763 πρυτάνεις,
811 3686 910 3748 uerba
937 3688 1058 3749 autem:
1094 3685 1245 3767 ἐκκλησιά

80 3787 258 3869 σύγκλητος
279 3788 345 3851 tino*
365 3793 551 3871 στρατηγῶν
562 3789 682 3853 nuliam
696 3791 816 3854 hahent
831 3773 936 3870 fidem,
959 3811 1031 3856 oum
1046 3792 1088 3855 ad
1102 3796 1244 3857 nostram

78 3895 272 3977 memoriam
294 3915 358 3963 non
380 3896 530 3959 traditum
553 3896 607 3973 sit,
636 3896 855 3960 Demosthenis
883 3901 1023 3979 tempore
1047 3898 1129 3962 solos
1149 3899 1244 3963 duces

78 4001 270 4084 prytanibus
292 4022 356 4066 non
376 4002 523 4095 adhibitis
543 4004 705 4067 contiones
726 4003 988 4069 extraordinarias
1003 4005 1243 4071 Atheniensium

154 4149 180 4217 l)
201 4147 238 4201 Ut
253 4146 299 4203 hio
316 4149 462 4218 genetiuus
481 4149 628 4219 genetiuus
646 4151 788 4205 absolutus
807 4151 855 4215 sit,
873 4151 942 4205 effici
960 4150 1070 4206 uidetur
1088 4169 1121 4206 ox
1139 4153 1241 4206 uerbis:

78 4235 132 4288 ύκτὸ
153 4235 302 4306 οτρατηγῶν
316 4252 371 4304 seq.
390 4236 434 4306 (of.
452 4237 547 4290 tamen
561 4236 674 4292 Voemel
691 4237 725 4290 ad
746 4237 772 4290 h.
792 4236 829 4306 1.).

1051 4333 1068 4384 2
