3054 4706
792 390 832 454 98

233 570 398 635 uerisimile
421 572 468 634 sit.
511 569 573 632 Sed
596 570 747 652 quoniam
768 588 878 633 omnes
907 569 968 633 iere
992 573 1119 632 nostrae
1143 568 1313 632 memoriae
1334 569 1391 633 uiri

233 678 316 742 docti
337 697 498 742 summum
528 679 746 763 magistratum
769 678 891 742 aerario
921 676 1115 758 praefectum
1135 675 1320 756 intellegunt
1341 674 1353 756 l
1371 676 1391 739 1.

232 785 346 868 Pauly:
375 784 523 848 Realeno.
546 784 594 862 lli,
617 806 646 866 p.
671 785 737 848 190.
774 783 903 847 Voemel
923 783 942 845 l.
964 782 1017 862 4.),
1044 802 1101 863 ego
1121 801 1248 864 quoque
1270 785 1392 860 ταμίαν

137 972 139 975 ¹
231 895 337 954 mente
356 891 499 968 subiici0‚
529 910 602 955 cum
623 891 780 955 Boeckhio
807 893 914 954 autem
942 908 1007 953 non
1033 890 1109 952 satis
1129 888 1283 970 percipio,
1315 887 1391 970 quid

232 998 374 1061 omnium
405 1017 511 1061 rerum
542 997 792 1083 pecuniariarum
822 996 1062 1061 Atheniensium
1093 994 1328 1060 administrator
1356 995 1390 1058 in

231 1104 373 1184 eulogie,
394 1105 434 1169 de
457 1124 521 1187 quo
542 1124 645 1169 sermo
669 1108 730 1182 est,
751 1104 968 1168 sibiuoluerit.
1355 1104 1358 1105 *

149 1193 152 1198 .
311 1212 453 1295 Denique
483 1231 561 1276 num
589 1211 607 1272 ὁ
640 1212 886 1291 γραμματεύς
914 1213 979 1293 τῆς
1008 1210 1164 1291 βουλῆς,
1195 1209 1249 1289 qui
1278 1207 1390 1272 tertius

231 1318 347 1398 collegii
370 1319 471 1381 socius
492 1319 662 1394 indicatur,
687 1337 720 1380 re
741 1336 817 1381 uera
838 1318 951 1398 dignus
972 1317 1075 1392 fuerit,
1097 1317 1152 1398 qui
1172 1315 1265 1378 huius
1285 1314 1390 1378 iudicii

231 1426 387 1506 particeps
408 1427 503 1502 esset,
533 1425 566 1487 in
589 1424 693 1488 medio
719 1424 910 1508 relinquam,
943 1442 1015 1487 4444
1046 1440 1253 1505 quaecunque
1282 1421 1322 1484 de
1350 1439 1411 1493 4ο,

229 1535 348 1595 statuta
367 1535 457 1609 sunt,
487 1533 684 1595 coniecturae
713 1533 782 1594 sint.
832 1530 1046 1595 Confirmatur
1064 1533 1189 1593 tantum
1211 1528 1317 1591 multis
1337 1527 1387 1590 in-

227 1638 453 1720 scriptionibus,
473 1637 579 1701 scribis
600 1640 728 1701 senatus
747 1637 779 1700 id
801 1638 913 1718 negotii
937 1656 1003 1700 esse
1025 1637 1147 1713 datum,
1168 1638 1203 1699 41
1222 1634 1347 1699 decreta
1368 1653 1391 1697 a

229 1744 436 1824 quadratariis
457 1745 623 1811 incidenda
644 1748 791 1808 curarent
811 1744 860 1823 (ol.
876 1743 1019 1807 Boeckh:
1043 1741 1179 1806 Staatsh.
1195 1741 1216 1818 1,
1238 1762 1268 1822 p.
1285 1741 1388 1804 956-

228 1851 297 1914 454.
332 1851 507 1914 Kirchhoff:
529 1851 559 1914 ¹1.
588 1838 626 1921 Α.
647 1851 674 1929 4,
704 1871 758 1915 nn.
788 1852 837 1914 ro.
859 1851 916 1928 44,
947 1850 995 1914 44.
1024 1849 1074 1912 44.
1102 1849 1153 1912 44.
1181 1849 1231 1911 aa.
1258 1848 1308 1911 44.
1337 1848 1389 1910 54.

228 1956 344 2019 Franz:
374 1957 410 2020 41.
431 1978 479 2038 ep.
502 1978 532 2021 4.
556 1959 605 2022 59.
628 1957 662 2035 C.
684 1958 705 2020 Ι.
726 1957 777 2022 Gr.
800 1957 822 2034 Ι,
844 1957 893 2020 84.
923 1958 972 2021 87.
994 1957 1043 2020 90.
1070 1957 1126 2031 99ς
1156 1954 1279 2038 epham.
1301 1955 1389 2018 arch.

228 2083 281 2126 nn.
303 2065 373 2127 tol.
394 2064 463 2127 371.
485 2065 574 2128 3341.
597 2064 686 2127 3349.
704 2063 786 2127 3453
805 2062 1060 2127 41.Β4414444144;
1082 2061 1308 2125 Demosthenes
1328 2063 1388 2124 eto.

229 2189 259 2249 p.
282 2167 365 2249 959).

312 2277 387 2340 Post
409 2277 469 2340 hoc
489 2276 653 2358 collegium
669 2277 764 2339 trium
787 2277 944 2353 uirorum,
975 2270 1077 2357 quod.
1099 2278 1264 2357 utcunque
1286 2293 1335 2337 res
1353 2292 1390 2336 se

227 2383 362 2459 hahent,
391 2383 610 2447 Demosthenis
639 2387 743 2448 aetate
771 2385 879 2465 utique
901 2403 967 2446 non
992 2382 1141 2446 iudicium
1164 2382 1203 2445 de
1226 2382 1291 2446 uita
1312 2380 1390 2444 ciuis

229 2489 372 2555 faciendo
400 2490 579 2554 institutum
606 2494 669 2569 441,
695 2489 842 2571 leguntur
872 2491 983 2553 uerba:
1015 2491 1240 2566 κατακομίζειν
1269 2488 1306 2548 δὲ
1333 2486 1390 2547 καὶ

226 2596 268 2658 cci
293 2597 326 2658 ἐκ
347 2599 412 2658 τῶν
433 2596 539 2677 α’γρῶν
560 2595 673 2659 πάντα
700 2596 759 2679 τήν
781 2601 951 2678 ταχίστην,
982 2596 1024 2657 roi
1045 2599 1107 2676 μὲν
1130 2595 1221 2667 ἐντός
1242 2594 1391 2658 σταδίων

227 2703 343 2766 ἑκατὸν
365 2703 466 2766 εἴκοσι
491 2703 536 2776 εἰς
557 2698 644 2767 Eiuro
665 2704 718 2765 καὶ
741 2707 879 2782 Πειραιᾶ
885 2754 892 2782 ,
920 2704 961 2764 ru*
986 2702 1023 2764 δὲ
1049 2703 1139 2774 ἐκτός
1160 2702 1305 2764 σταδίων
1327 2698 1386 2764 etc.

227 2811 317 2888 Quae
331 2831 394 2875 non
410 2832 536 2892 prorsus
552 2812 752 2875 consentiunt
767 2830 840 2874 cum
854 2810 978 2873 duobus
991 2810 1032 2873 ad
1046 2810 1181 2873 eandem
1189 2807 1388 2873 Callisthenis

227 2919 423 2998 rogationem
452 2918 678 2999 pertinentibus
706 2919 793 2994 14414,
832 2918 884 2998 qui
914 2917 946 2979 in
975 2916 1064 2979 Dem.
1093 2936 1137 2980 or.
1164 2917 1205 2979 de
1234 2915 1300 2980 1414.
1327 2913 1386 2995 leg.

227 3022 265 3104 ἐξ
287 3025 326 3086 ao
349 3029 380 3087 et
403 3025 460 3087 195
479 3026 685 3106 reperiuntur.
728 3023 952 3087 Desiderantur
973 3024 1074 3101 enirn,
1096 3027 1131 3086 ut
1152 3022 1274 3086 silentio
1297 3040 1388 3102 prae-

228 3135 346 3194 teream
368 3131 466 3194 uerba
488 3131 536 3192 τα“
559 3131 600 3191 ἐκ
621 3133 696 3192 τῶν
717 3129 844 3210 ἀγρῶν
866 3128 1001 3190 πάντα
1015 3129 1200 3209 generaliter
1214 3129 1297 3192 dicta
1311 3148 1386 3209 pro:

230 3237 352 3310 παῖδας
373 3238 425 3299 καὶ
447 3242 597 3317 γυναῖκας
619 3239 653 3299 ἐκ
676 3241 740 3299 coir
766 3236 887 3317 α’γρῶν,
918 3257 999 3319 quae
1022 3242 1156 3319 utroque
1185 3236 1254 3300 1040
1272 3235 1389 3299 Demo·

226 3343 356 3407 stheneo
378 3347 503 3408 exstant
527 3343 577 3425 (oi.
598 3344 700 3407 Thulr.
717 3343 751 3422 11,
774 3343 813 3406 14
835 3343 909 3424 §it
932 3362 1022 3407 sacra
1043 3342 1194 3420 Herculis,
1217 3362 1300 3424 quae
1318 3343 1389 3406 sino

226 3450 323 3512 dubio
344 3451 376 3512 in
394 3450 520 3514 decreto
543 3454 720 3513 memorata
741 3453 823 3527 4441,
847 3449 1174 3513 cumaDemosthene
1197 3449 1270 3512 locis
1290 3468 1388 3530 supra

225 3556 326 3618 allatis
346 3557 497 3637 expressis
519 3556 640 3619 uerbis:
669 3555 733 3616 καὶ
762 3557 806 3617 τα*
826 3554 1034 3635 Ἡράκλεια
1062 3556 1102 3616 ἐν
1129 3550 1248 3619 ἄστει.
1271 3541 1388 3618 hlaiv

227 3666 429 3727 nominentur
440 3664 487 3742 (41.
497 3664 610 3746 Ulpiau
620 3685 649 3745 p.
659 3665 718 3727 365
732 3664 780 3728 ed.
791 3662 901 3728 Fratre.
915 3664 1248 3746 praetereaDroysenl
1261 3685 1291 3747 p.
1305 3663 1387 3745 999).

308 3771 472 3835 Postremo
510 3773 534 3834 si
565 3773 721 3853 exceperis
761 3772 821 3835 1444
852 3771 1050 3835 Callisthenis
1091 3772 1252 3835 decretum
1291 3771 1389 3850 solus,

226 3880 477 3960 444414444414,
501 3882 611 3942 auctor
633 3879 754 3961 Scylax,
777 3899 874 3960 quem
896 3879 1081 3942 Boehnecke
1104 3878 1241 3960 (Forsch.
1264 3899 1294 3960 p.
1316 3880 1388 3957 617,

225 4005 300 4049 ann.
323 3986 353 4065 3)
376 3987 408 4048 14
430 3986 643 4050 testimonium
665 3990 771 4063 uorat,
800 3986 915 4068 oppida
937 3985 1073 4049 Eleusim
1093 3990 1124 4050 41
1146 3986 1389 4050 Rharununtem

226 4095 293 4157 loca
316 4094 438 4156 4444114
461 4095 553 4158 141444
569 4094 673 4158 tradit.
716 4095 884 4157 Praeterea
900 4094 1028 4159 minime
1043 4097 1176 4171 constat,
1197 4113 1277 4157 num
1292 4093 1389 4158 etiarn

225 4201 454 4265 Derrrostheneo
476 4205 618 4284 tempore
640 4200 808 4282 Aphidnae
830 4200 994 4265 castellum
1016 4201 1138 4267 luerint.
