3054 4706
1030 1192 1069 1223 μ,

869 1209 1031 1393 3⁶⁶

192 1529 435 1626 Demosthenis
444 1557 638 1621 orationibus
649 1577 720 1622 cuni
732 1577 862 1640 operam
872 1548 1076 1640 studiumque
1087 1576 1255 1621 nauassem

91 1665 188 1744 atque
204 1665 375 1746 praecipue
391 1663 620 1728 adorationem
635 1664 710 1743 περὶ
725 1662 891 1745 στεφάνου
913 1664 1093 1746 inscriptam
1113 1665 1256 1727 animum

92 1771 332 1848 conuertissem,
354 1771 484 1835 decretis
504 1770 576 1847 illis,
601 1789 684 1851 quae
703 1770 930 1834 Demosthenes
960 1771 1002 1834 ad
1023 1770 1257 1834 confirmandas

90 1878 268 1941 sententias
308 1876 469 1940 recitanda
507 1877 642 1953 curauit,
689 1877 834 1941 incitatus
867 1896 951 1954 sum,
990 1880 1025 1941 ut
1065 1878 1257 1954 accuratius,

91 1983 247 2065 quidde
284 1984 320 2047 iis
358 1987 437 2047 esset
469 1983 690 2060 iudicandum,
727 1982 921 2064 indagarem.
971 1981 1076 2060 Quam
1113 1984 1154 2048 ad
1190 2004 1257 2048 rem

21 2102 22 2107 ’
88 2087 249 2171 imprimis
277 2109 327 2153 me
356 2092 524 2153 mouerunt
551 2089 676 2152 scholae
704 2089 918 2166 academicae,
951 2109 1034 2172 quae
1061 2090 1258 2154 doctissimus

88 2195 137 2258 uir
158 2197 200 2260 A.
224 2195 436 2259 Kirchhoif
455 2195 591 2259 Berolini
613 2215 669 2277 per
687 2198 834 2259 semestre
855 2195 1023 2269 hibernum
1044 2197 1258 2260 antecedentis

22 2290 24 2381 ]
87 2305 166 2368 anni
199 2307 235 2367 et
266 2303 305 2366 de
333 2304 400 2384 ipsa
422 2303 562 2366 oratione
592 2302 668 2383 περὶ
696 2300 863 2384 στεφάνου
891 2306 923 2366 et
951 2303 990 2367 de
1019 2302 1259 2385 antiquitatibus

23 2438 25 2471 3
86 2412 211 2491 graecis
246 2409 365 2473 habuit.
416 2408 525 2491 Itaque
561 2429 635 2473 cum
662 2428 816 2490 magnum
846 2409 982 2474 fructum
1011 2429 1049 2472 ex
1076 2409 1125 2472 his
1145 2408 1258 2473 scholis

34 2536 36 2541 ’
87 2519 264 2600 cepissem,
299 2517 442 2580 instituta
468 2516 709 2580 Atheniensium
737 2516 858 2598 planius
886 2516 1101 2596 cognouissem
1133 2515 1258 2597 aliaque

87 2624 129 2687 ad
160 2623 388 2706 quaestionem
422 2623 509 2687 illam
543 2626 627 2686 recte
665 2623 898 2687 diiudicandam
928 2623 1118 2704 pertinentia
1148 2621 1259 2686 clarius

85 2730 329 2806 intellexissem,
351 2729 439 2792 cuius
460 2731 502 2792 rei
525 2730 593 2792 uiro
608 2730 688 2792 mira
708 2729 850 2810 quadam
865 2729 1008 2793 doctrina
1029 2747 1158 2792 onmem
1178 2729 1259 2792 anti-

20 2922 21 2925 *
86 2839 254 2918 quitatem
279 2835 494 2916 amplectenti,
517 2835 570 2916 qui
592 2835 634 2897 ad
655 2834 734 2899 haec
754 2835 858 2903 studia
881 2855 932 2898 me
954 2833 1090 2915 impulit,
1118 2854 1260 2899 summas

85 2944 211 3023 gratias
236 2960 307 3021 agn,
330 2942 430 3022 magis
452 2941 615 3022 magisque
636 2943 779 3004 animum
803 2940 926 3018 induxi,
947 2960 1045 3022 quam
1067 2941 1260 3022 diligentissi-

83 3069 176 3113 mam
202 3066 319 3111 curam
347 3049 378 3110 et
401 3046 541 3110 lahorem
562 3047 594 3109 in
623 3047 837 3128 psephismata
857 3046 1006 3122 orationi,
1033 3066 1115 3127 quae
1146 3050 1192 3110 est
1220 3046 1259 3110 de

85 3175 226 3230 corona,
252 3153 366 3216 inserta
384 3153 573 3233 impendere.
608 3152 693 3216 Sane
707 3153 927 3217 Schiimann
940 3151 972 3232 ¹),
992 3153 1079 3215 cuius
1092 3153 1260 3216 auctoritas

81 3261 235 3327 maxima
260 3249 408 3321 habenda
429 3260 490 3333 est,
524 3258 562 3321 de
585 3258 621 3320 iis
649 3259 780 3322 »certius
801 3258 920 3338 aliquid
941 3261 972 3320 et
995 3259 1189 3322 uerisimilius
1211 3258 1259 3321 in·

80 3348 189 3431 ueniri
216 3385 311 3448 posse
333 3365 513 3447 desperat«,
544 3367 686 3428 attamen
713 3369 822 3428 nostra
843 3363 995 3427 memoria
1023 3367 1070 3429 tot
1091 3365 1260 3429 doctissimi

79 3474 143 3537 uiri
166 3477 245 3536 tam
268 3472 421 3535 subtiliter
444 3475 475 3535 et
495 3472 583 3553 quasi
599 3471 792 3534 adamussim
812 3490 880 3534 rem
893 3473 1119 3550 tractauerunt,
1138 3475 1174 3535 ut
1194 3491 1259 3534 non

78 3579 147 3644 iam
173 3579 292 3644 omnia
313 3577 410 3642 dubia
431 3583 462 3642 et
483 3576 603 3643 incerta
624 3598 689 3642 esse
709 3579 785 3641 mihi
806 3579 983 3642 uideantur.

173 3686 360 3764 Postquam
375 3688 458 3749 enim
475 3705 530 3767 per
544 3687 645 3750 multa
658 3685 784 3750 saecula
807 3686 941 3763 decreta,
965 3686 1004 3750 de
1020 3685 1133 3768 quihus
1148 3686 1259 3766 agitur,

79 3813 140 3874 pro
167 3792 306 3872 integris
327 3792 404 3855 actis
427 3791 557 3873 publicis
571 3792 681 3857 habita
702 3797 785 3870 sunt,
809 3813 912 3875 neque
935 3792 1008 3856 olim
1025 3790 1259 3871 Gorsinusel,

14 3910 15 3913 ’
77 3896 332 3975 Palmerius,
354 3896 661 3977 Centarenus³),
689 3917 886 3980 quamquam
915 3897 1068 3962 nonnulla
1092 3916 1156 3960 non
1184 3897 1260 3960 satis

764 1122 840 1364 ἶ

719 1382 800 1423 cs*

183 4140 421 4197 Schoemann:
441 4140 474 4194 de
486 4139 604 4194 comitiis
618 4139 833 4204 Atheniensium,
849 4139 1148 4210 GryphMDOOOXIX,
1161 4157 1186 4207 p.
1204 4140 1260 4192 145.

184 4224 345 4283 Gorsini:
364 4227 439 4280 Fasti
454 4227 541 4281 attici.
560 4227 630 4280 Flcr.
648 4228 722 4281 1744.
740 4226 760 4290 I,
778 4244 805 4295 p.
824 4227 874 4279 299
892 4244 931 4294 sq,

151 4316 163 4386 )
186 4313 420 4369 Contarenus:
446 4313 545 4368 Uariae
564 4310 694 4367 lectiones
712 4312 798 4377 XVII,
816 4331 842 4381 p.
859 4312 900 4365 87.
925 4311 958 4364 94
978 4328 1017 4378 sq.

604 4449 837 4546 477777
1109 4404 1122 4456 ¹
