3054 4706
159 588 193 650 et
213 585 357 650 notitiam
386 605 540 668 pagorum
569 587 774 669 gentiumque
796 587 1036 652 Atheniensium
1063 587 1120 650 sibi
1149 588 1319 669 parauerit,

160 695 230 756 tum
249 692 354 756 neseio
375 711 417 756 an
439 692 546 774 primis
556 691 651 757 labris
664 692 866 775 antiquitates
881 693 994 758 atticas
1005 693 1186 776 gustauerit,
1206 692 1319 759 nihilo·

160 798 265 862 minus
298 801 406 863 autem
435 799 571 876 addam,
606 802 770 864 auctorem
802 801 935 867 nomina
969 819 1026 864 seu
1062 800 1238 882 legatorum
1266 819 1321 865 seu

161 904 294 970 aliorum
324 904 463 968 uirorum
491 908 563 981 aut,
593 904 702 969 ubiubi
729 905 794 971 fieri
828 906 943 987 potuit,
975 906 1097 970 silentio
1128 906 1320 988 praeteriisse

162 1009 206 1092 (in
229 1008 247 1091 ἕ
270 1010 338 1089 184,
366 1030 396 1092 p.
422 1012 491 1092 55),
522 1014 580 1075 aut
610 1012 750 1093 quadani
778 1031 817 1077 ex
851 1015 940 1095 parte
969 1031 1034 1077 non
1070 1013 1242 1094 appellasse
1271 1011 1315 1093 (in

163 1115 201 1198 §d
222 1117 267 1183 m
283 1120 315 1180 et
335 1117 403 1194 187,
427 1117 490 1181 uhi¹
502 1117 641 1200 quinque
657 1117 752 1199 legati
772 1138 831 1201 pro
853 1118 964 1183 decem
982 1118 1229 1201 nuncupantur),
1251 1123 1317 1196 aut,

161 1225 187 1288 si
213 1223 442 1288 Demosthenes
469 1244 507 1288 ea
533 1228 785 1302 memorauerat,
811 1240 879 1289 non
906 1244 945 1290 ea
972 1225 1147 1307 diligentia,
1176 1245 1258 1307 quae
1288 1226 1321 1288 in

162 1330 293 1396 decretis
315 1331 416 1395 atticis
434 1330 679 1408 obseruabatur,
707 1314 898 1413 significasse
922 1330 1126 1413 Ι(Ναυσικλῆς
1149 1332 1183 1395 in
1208 1329 1227 1411 ἓ
1250 1330 1318 1395 115.

162 1437 367 1523 Χαρίδημος,
389 1434 538 1517 Διότιμος
559 1437 591 1501 in
613 1434 631 1517 ἕ
656 1435 747 1518 116),
775 1441 831 1502 aut
857 1437 924 1502 aliis
944 1437 1019 1503 loeis
1047 1438 1161 1502 iterum
1182 1436 1320 1502 attulisse

163 1543 375 1626 (Κηφισοφῶν
396 1540 602 1626 Ῥαμνούσιος
629 1545 662 1607 in
691 1541 730 1624 ἐξ
753 1544 792 1607 29
816 1547 847 1608 et
866 1545 916 1608 55.
955 1541 1165 1626 ’Δημοκράτης
1197 1544 1322 1616 diverte

164 1648 475 1731 mfflffldfflt
776 1672 780 1680 ’
1372 1725 1374 1730 ,

244 1757 334 1835 Quae
363 1776 437 1822 eum
466 1757 511 1822 ita
542 1756 616 1835 sint,
656 1756 799 1821 omuibus
823 1756 1051 1837 psephismutis
1081 1755 1321 1821 Atheniensium

163 1865 199 1936 in
219 1866 393 1930 orationem
422 1864 461 1929 de
490 1883 606 1930 corono
634 1864 765 1928 imerus
786 1863 905 1929 nullum
927 1862 1027 1944 fidem
1054 1860 1233 1927 tabernam
1254 1868 1321 1927 esse

164 1969 308 2049 omniane
326 1990 364 2034 eu
377 1970 568 2035 auctoritate
582 1989 710 2048 uocare,
730 1970 885 2049 esistimd,
908 1971 1024 2050 quippe
1045 1989 1126 2049 quoe
1143 1987 1208 2032 nou
1219 1968 1321 2032 solum

164 2094 227 2140 non
248 2095 286 2140 eu
314 2077 396 2157 ipsis
415 2077 588 2142 tabulariis
618 2079 725 2142 ottieis
753 2076 962 2158 anteproplis
982 2075 1087 2154 pet'tu
1112 2073 1318 2155 (Boehneeke,

165 2183 387 2265 Forschungen
409 2204 439 2266 p.
461 2185 522 2248 350
542 2182 559 2264 ἓ
584 2181 631 2265 1),
659 2183 715 2248 sed
743 2184 819 2263 rista
848 2184 914 2248 sint
939 2203 959 2245 u
981 2181 1054 2245 m'ro
1076 2179 1212 2261 quodum
1233 2179 1322 2245 docto

82 2349 85 2353 .
165 2309 204 2355 eu
225 2289 361 2357 Graecis
383 2291 499 2355 Asiam
519 2291 671 2370 minorem
692 2289 900 2355 incolentibus
922 2286 1074 2365 oriundo,
1105 2288 1196 2351 euius
1217 2288 1321 2350 minus

169 2397 331 2476 intererat,
351 2403 386 2462 ut
408 2418 503 2478 quum
521 2397 760 2462 accuratissime
781 2396 988 2476 antiquitates
1003 2378 1130 2472 attieds,
1151 2412 1322 2459 sermonem

159 2502 326 2583 forensem
347 2524 506 2585 penusque
534 2502 694 2568 scribendi
722 2502 961 2567 Atheniensium
984 2500 1143 2579 redderet,
1172 2521 1267 2580 quom
1288 2504 1323 2564 ut

167 2609 339 2691 discipulis
359 2610 571 2691 exemplario,
594 2626 675 2690 quoe
695 2609 910 2687 imitarentur,
934 2607 1034 2695 duret.
