3054 4706
682 333 722 396 83

129 516 243 598 posset,
274 513 330 576 nisi
353 515 390 576 ut
410 511 590 601 Philippum
613 511 656 576 ad
679 510 895 576 indurandum
923 510 1086 594 adigerent
1107 510 1157 594 (cf.
1179 510 1197 594 ἐ
1221 513 1278 577 187

129 618 239 704 pesp).
281 619 434 697 Quocirca
455 618 682 683 Demosthenes
708 618 740 682 in
769 616 807 699 §fi
829 618 868 682 87
889 621 920 682 et
941 618 981 681 85
1006 619 1160 683 concinna
1181 620 1280 685 uerba
1408 687 1411 693 ,

128 723 234 806 ὅρκους
254 760 294 772 -
317 724 569 805 ἀπολαμβάνειν
591 729 798 807 usurpauerat
821 723 872 805 (ci.
895 724 1047 807 Spengel:
1073 724 1151 790 Mus.
1174 727 1278 791 Rhen.

127 833 159 910 ll,
181 854 211 915 p.
232 831 316 913 384).
360 832 503 914 Demque
524 832 657 896 locutio:
686 831 887 913 μηδεμίαν
907 830 1130 917 ὑπερβολήν
1151 855 1280 896 ποιου-

126 947 265 1020 μένους
292 940 311 1003 i.
339 959 366 1003 e.
394 937 482 1003 nulla
513 957 603 1002 mora
632 939 827 1021 interposita,
857 938 1000 1002 scholam
1032 939 1171 1005 redolere
1204 941 1279 1005 mihi

127 1046 262 1123 uidetur,
292 1065 356 1109 non
377 1046 479 1110 solum
502 1064 574 1109 cum
594 1045 728 1109 uerbum
750 1043 914 1127 ὑπερβολή
942 1046 1003 1111 hoc
1030 1065 1125 1111 sensu
1152 1066 1281 1129 perraro

125 1153 297 1234 reperiatur
316 1151 443 1231 (Herod.
464 1150 545 1227 VIII,
570 1152 638 1229 118,
660 1150 768 1234 Polyb.
789 1151 868 1229 XIV,
891 1153 925 1229 9,
954 1154 974 1216 8
1002 1154 1040 1218 ef.
1065 1153 1205 1230 Voemeh
1228 1154 1281 1236 qui

124 1260 155 1322 in
178 1278 280 1340 progr.
305 1259 393 1336 1843,
416 1277 446 1338 p.
470 1258 508 1320 10
530 1257 632 1340 Etym.
656 1257 696 1320 M.
715 1279 746 1339 p.
767 1258 837 1334 778,
860 1259 899 1322 36
920 1259 1134 1342 Photiurnque
1154 1282 1178 1324 s.
1200 1281 1229 1324 r.
1249 1263 1280 1325 in

124 1365 335 1429 testimonium
357 1363 478 1445 uocat),
508 1380 619 1428 uerum
639 1365 734 1428 etium
762 1368 889 1447 propter
910 1365 1008 1430 fusius
1028 1366 1152 1431 dicendi
1172 1388 1281 1450 genus,

125 1471 207 1554 quod
247 1474 415 1535 accuratae
454 1471 604 1535 orationis
627 1470 741 1535 forensi
784 1471 1026 1536 AtheniensIum
1064 1472 1283 1540 Demosthenis
1320 1504 1327 1513 ·

126 1578 252 1660 quidem
265 1581 408 1660 ternpore
423 1597 488 1643 non
502 1577 680 1659 respondet.
722 1576 805 1641 Tum
816 1579 910 1656 enim,
931 1578 985 1642 ubi
999 1579 1140 1645 celeritas
1152 1584 1283 1648 actionis

124 1684 299 1766 significata
310 1688 368 1761 est,
390 1687 446 1748 aut
461 1682 579 1745 αὐτίκα
594 1683 644 1747 uel
659 1683 776 1745 αὐτίκα
787 1683 878 1764 μάλα
892 1685 1082 1766 (Kirchholft
1100 1688 1121 1751 Ι.
1137 1689 1175 1752 A.
1191 1689 1213 1765 Ι,
1227 1708 1281 1754 nn.

124 1791 171 1854 lo.
188 1792 267 1868 55b,
282 1791 331 1856 59.
353 1791 522 1871 Rangahe:
540 1791 579 1854 A.
591 1789 631 1857 H.
646 1809 705 1854 nn.
716 1792 786 1855 850.
801 1792 1120 1858 submersores.
1140 1795 1282 1861 Boeckh:

125 1897 261 1962 Staatsh.
275 1897 310 1974 Il,
332 1918 362 1980 p.
378 1897 447 1960 748.
469 1898 570 1961 Thur.
582 1896 631 1974 lV,
649 1899 716 1974 118,
741 1897 801 1978 14),
821 1917 865 1962 au
897 1898 957 1982 τήν
977 1903 1135 1982 ταχίστην
1145 1901 1281 1981 (Boekht

125 2002 262 2068 Staatsh.
284 2004 332 2082 III,
362 2025 392 2086 p.
414 2004 484 2066 lua.
514 2004 603 2068 Dem.
633 2004 672 2068 de
701 2024 764 2069 cor.
792 2003 831 2085 §d
852 2005 892 2068 85
922 2009 953 2069 et
975 2004 1027 2086 87)
1059 2007 1110 2070 uel
1143 2006 1283 2087 τάχιοτα

125 2109 309 2192 (Rangabez
331 2110 369 2174 A.
382 2109 421 2173 Η.
437 2129 468 2172 n.
482 2110 564 2189 398),
587 2113 643 2174 aut
664 2108 788 2182 εὐθέως
809 2110 855 2190 (C.
877 2110 898 2173 Ι.
921 2111 973 2174 Gr.
994 2112 1016 2190 Ι,
1033 2132 1064 2176 n.
1078 2112 1150 2194 356)
1169 2115 1283 2178 scribe*

124 2217 227 2282 batur.
275 2217 339 2281 Sed
368 2217 519 2298 quonlam
547 2216 586 2280 de
616 2217 733 2293 uerbiS,
766 2218 881 2298 quihus
915 2218 1057 2282 celeritas
1089 2220 1282 2302 exprimitur,

125 2325 244 2405 agitur,
266 2344 329 2387 non
350 2322 585 2406 supersedeam,
608 2343 690 2405 quae
711 2323 807 2405 paulo
828 2329 904 2388 ante
925 2325 957 2387 in
974 2325 1099 2389 decreto
1118 2326 1282 2410 leguntur:

126 2428 263 2495 ἑλέσθαι
380 2425 454 2514 ἤδη
477 2437 575 2491 πέντε
604 2431 623 2494 i.
655 2450 682 2505 e.
713 2431 796 2494 »iam
822 2432 961 2510 statim,
982 2448 1081 2514 quam
1112 2433 1281 2512 celerrime,

124 2538 244 2620 legatos
265 2538 406 2620 eligere«.
448 2537 531 2600 Nam
554 2538 610 2601 etsi
629 2538 741 2600 uocula
764 2533 826 2620 ἤδη
848 2558 920 2602 curn
941 2539 1097 2603 infinitiuo
1117 2541 1284 2605 coniuncta

125 2664 351 2726 saepenumero
373 2645 534 2707 notIonem
559 2663 674 2725 »quarn
694 2643 871 2708 celerrime«
901 2645 933 2708 ln
953 2665 987 2708 se
1008 2646 1147 2710 continet
1178 2645 1218 2728 (e.
1239 2667 1283 2729 gr.

125 2751 204 2816 Xen.
227 2770 279 2815 an.
300 2751 363 2827 VII,
385 2750 415 2828 7,
439 2748 510 2831 84),
538 2753 648 2813 tamen
678 2751 892 2832 Inscriptiones
920 2751 1034 2816 atticae
1063 2752 1146 2816 hanc
1173 2774 1284 2818 uocem

127 2857 185 2922 hoe
205 2878 302 2923 sensu
321 2878 386 2922 non
407 2858 507 2939 magis
529 2857 679 2936 exhibent
700 2874 797 2939 quarn
819 2858 895 2922 illud
916 2858 1080 2941 μηδεμίαν
1101 2859 1286 2945 ὑπερβολήν

127 2973 344 3044 ποιουμένους.
394 2964 429 3026 In
459 2963 590 3028 decretis
616 2966 742 3028 tanturn
771 2963 905 3028 aliarum
928 2966 1070 3047 gentium
1099 2985 1284 3047 graecarum

126 3071 278 3152 particula
298 3066 360 3154 ἤδη
388 3070 501 3134 eadem
522 3071 643 3133 ratione
665 3091 704 3133 ex
725 3071 880 3136 infinitiuo
901 3075 976 3152 apta
998 3076 1061 3135 est:
1091 3073 1125 3137 C.
1147 3074 1168 3136 l.
1191 3075 1285 3139 Grll

20 3206 22 3239 l
127 3196 178 3240 nn.
205 3179 287 3242 8155
310 3178 401 3260 (Myr.
422 3174 560 3256 Lemn.);
592 3177 675 3240 8870
696 3175 788 3257 (Del.)
807 3176 861 3258 ’(ο.
884 3177 970 3258 Diog.
1001 3178 1103 3243 Laert.
1133 3179 1199 3258 VII,
1224 3181 1285 3262 11.)

130 3283 293 3364 (Newtonz
317 3284 386 3348 The
399 3284 466 3348 coll.
487 3283 522 3348 of
535 3302 604 3347 ane.
626 3283 677 3348 Gr.
700 3284 789 3347 inser.
812 3285 843 3346 in
866 3284 921 3347 the
941 3285 1053 3353 British
1076 3286 1154 3350 Mus.
1175 3308 1206 3351 n.
1224 3288 1287 3371 88).

208 3390 307 3455 Porro
344 3390 448 3454 nescio
488 3410 531 3454 en
562 3409 628 3454 non
664 3389 787 3472 longius
822 3410 1042 3472 progressurus
1073 3394 1146 3472 sim,
1187 3400 1286 3465 uerba

129 3502 280 3579 πρέσβεις
303 3497 440 3561 ἑλέσθαι
460 3497 501 3559 ἐκ
524 3495 686 3559 πάντων
707 3497 927 3578 Ἀθηναίων
947 3519 1013 3563 non
1033 3499 1127 3583 plane
1148 3507 1285 3571 sermoni

20 3608 21 3631 ¹
130 3604 242 3669 forensi
270 3605 509 3670 Atheniensium
537 3605 726 3687 respondere
754 3605 933 3687 suspicans,
969 3626 1033 3671 non
1063 3627 1127 3689 quo
1162 3630 1284 3692 negem,

20 3732 22 3739 ’
130 3711 246 3792 legatus
273 3732 360 3776 more
385 3712 624 3777 Atheniensium
652 3716 708 3775 aut
741 3713 879 3795 singulos
913 3734 952 3777 ex
986 3714 1114 3794 singulis
1140 3717 1285 3783 tribubus

20 3848 22 3905 ς
131 3817 365 3901 (sardonicis)
389 3823 447 3884 aut
475 3838 513 3883 ex
539 3820 686 3884 omnibus
707 3820 952 3884 Atheniensibus
982 3820 1117 3885 delectos
1143 3842 1218 3902 esse,
1243 3862 1281 3870 -

20 3914 21 3925 ¹
131 3927 227 3991 immo
253 3927 315 3990 hoo
342 3927 423 3990 bene
448 3906 521 3991 cum
546 3927 692 3991 institutis
721 3928 823 3991 atticis
850 3928 1017 4004 consentIt,
1057 3928 1112 3992 sed
1149 3933 1224 4013 quia
1252 3935 1284 3998 in

20 4076 22 4101 ;
132 4032 368 4099 Atheniensium
399 4033 526 4115 quidem
554 4032 700 4112 decretis,
727 4034 781 4096 ubi
809 4053 848 4097 ex
870 4033 1017 4097 omnibus
1044 4035 1164 4101 ciuibus
1191 4040 1284 4122 legati

20 4126 22 4191 Ι
133 4138 219 4204 electi
251 4143 341 4217 sunt,
376 4159 435 4222 pro
466 4139 601 4206 formula
633 4141 668 4203 ἐκ
702 4137 838 4203 πάντων
873 4140 1051 4223 Ἀθηναίων
1084 4143 1212 4213 locutio:
1250 4154 1286 4229 ἐξ
