3054 4706
663 382 703 448 89

189 563 268 629 Cum
285 563 361 628 mihi
376 562 570 646 propositum
583 563 631 640 sit,
650 562 773 627 nonnisi
790 562 830 626 de
843 547 942 628 atticis
955 563 1085 629 decretis
1100 586 1260 650 quaerere,

111 672 238 753 epistula
269 671 403 752 Philippi
435 668 464 750 (ἕ
495 670 546 749 39)
586 671 804 751 praetermissa
840 669 1007 734 dicendum
1040 672 1116 736 mihi
1147 679 1193 738 est
1220 677 1261 740 de

109 777 267 843 Aeschinis
295 777 493 841 accusatione
520 777 553 863 in
576 775 811 857 Ctesiphontem
841 774 872 858 (fi
904 776 1050 858 54-55).
1098 780 1160 844 Sed
1183 804 1262 865 quo.

110 885 190 950 niam
219 904 268 948 res
298 885 365 967 ipsa
394 902 581 948 consensum
611 883 772 964 quendam
801 881 894 946 huius
922 883 1012 947 libelli
1039 887 1070 948 et
1090 891 1260 970 rogationis
1323 940 1326 945 s

110 990 347 1073 Ctesiphonteae
366 990 406 1054 de
427 989 609 1054 coronando
630 988 842 1052 Demosthene
864 990 1012 1070 postulat,
1042 1011 1169 1058 necesse
1193 999 1260 1077 erit,

114 1097 270 1162 decretum
294 1116 421 1180 quoque
436 1095 647 1178 Ctesiphontis
661 1094 693 1176 (ξ
710 1095 780 1175 118)
805 1097 944 1177 quadam
955 1116 992 1160 ex
1012 1104 1103 1180 parte
1116 1101 1176 1165 hoc
1199 1104 1261 1168 iam

109 1204 173 1268 loco
202 1204 448 1279 consideremus,
482 1220 540 1265 nec
571 1204 679 1266 tamen
709 1200 770 1265 hoc
801 1201 917 1278 solum,
950 1222 1062 1268 uerum
1096 1209 1190 1271 etiam
1224 1230 1262 1274 ex

107 1311 322 1376 Demosthenis
359 1309 447 1373 dietis
482 1311 514 1373 in
540 1328 585 1372 or.
614 1308 654 1372 de
682 1327 744 1371 cor.
781 1307 819 1388 ἐξ
850 1309 890 1373 83
920 1313 951 1374 et
981 1310 1040 1374 883
1067 1316 1261 1381 exstantibus

106 1418 285 1496 uideamus,
315 1438 392 1481 num
421 1436 455 1480 re
476 1435 554 1480 uera
574 1415 697 1497 singula
719 1416 817 1479 uerba
839 1419 869 1479 et
897 1416 1036 1498 syllabae
1058 1420 1152 1485 etiam
1171 1442 1261 1504 roga-

106 1526 193 1589 tionis
214 1526 383 1593 Aristonici
406 1522 436 1605 (§
458 1523 509 1602 84)
541 1525 698 1604 quantum
726 1521 768 1585 ad
796 1523 1030 1586 coronationem
1055 1524 1086 1588 in
1109 1526 1262 1611 Dionysiis

16 1654 18 1713 ν
105 1633 261 1714 pertinent
291 1630 340 1712 (ci.
363 1631 602 1704 Westermann‚
630 1629 663 1691 in
691 1628 764 1691 edit.
797 1628 837 1691 de
864 1646 925 1692 cor.
951 1649 1025 1695 ann.
1056 1632 1097 1696 ad
1124 1633 1203 1714 §83
1232 1642 1262 1701 et

16 1716 18 1733 ἶ
107 1738 185 1821 283),
206 1757 366 1803 summam
379 1737 465 1801 illam
478 1735 710 1800 similitudinem
725 1734 907 1816 praebeant,
930 1757 1028 1819 quam
1036 1739 1263 1807 Demosthenes

16 1850 18 1859 ’
105 1849 240 1929 utroque
259 1845 327 1909 loeo
349 1843 475 1908 indicat.
517 1843 707 1925 Priusquam
729 1842 822 1923 igitur
842 1845 1019 1909 accuratius
1036 1846 1103 1927 ipsa
1124 1848 1261 1925 decreta,

105 1938 279 2035 dequibus
307 1971 355 2016 res
383 1954 445 2029 est,
474 1953 623 2026 tractem,
651 1949 885 2031 comparandae
914 1951 990 2014 mihi
1018 1952 1166 2018 uidentur
1195 1977 1262 2022 esse

105 2058 272 2137 formulae,
300 2058 437 2142 quaein
461 2076 524 2120 uno
546 2075 672 2138 quoque
693 2056 735 2119 ad
764 2056 1000 2121 coronationem
1021 2060 1260 2150 significandam

15 2196 17 2259 ν
105 2165 312 2244 adhibentur,
341 2165 496 2247 simulque
525 2163 728 2227 statuendum
746 2164 830 2241 erit,
862 2166 1056 2245 quantopere
1085 2175 1262 2249 congruant

105 2291 174 2337 cum
197 2273 252 2351 iis,
277 2272 412 2354 quaein
437 2270 567 2335 decretis
589 2269 762 2333 honorariis
782 2269 1022 2334 Atheniensium
1050 2273 1261 2340 inueniuntur.

183 2378 366 2456 Formulae,
388 2377 429 2442 de
450 2377 569 2459 quibus¹
582 2378 703 2458 agitur,
723 2376 785 2439 hae
804 2380 896 2440 sunt:

244 2484 262 2566 ὅ
284 2485 333 2548 54.
641 2481 658 2563 ξ
680 2483 729 2545 84.
1024 2483 1042 2565 ἓ
1066 2488 1132 2552 118.

105 2595 317 2675 στεφανῶσαι
364 2598 468 2674 Appo-
503 2591 675 2654 ἐπαινέσαι
730 2598 768 2653 Δ.
828 2599 866 2654 Δ.
902 2590 1074 2656 ἐπαινέσαι
1130 2602 1169 2658 A.
1223 2603 1260 2660 Δ.

15 2714 17 2719 ’
108 2705 234 2783 σθένον
295 2704 469 2783 Δημοσθέ·
502 2704 545 2761 11.
576 2699 629 2760 καὶ
656 2699 867 2780 στεφανῶσαι
900 2704 934 2761 11
943 2746 1007 2763 .....
1026 2701 1079 2763 καὶ
1095 2707 1263 2786 στεφανῶ-

107 2827 177 2881 νους
206 2812 371 2872 Παιανιέα
396 2826 469 2885 χρυ·
500 2809 611 2887 χρυσῷ
638 2804 792 2886 στεφάνῳ
813 2806 867 2868 καὶ
900 2822 956 2870 σαι
977 2811 1088 2890 χρυσῷ
1108 2808 1262 2892 στεφάνῳ

107 2917 154 2995 σῷ
162 2915 319 2998 στεφάνῳ
328 2914 382 2976 καὶ
392 2912 469 2975 α’να·
502 2912 866 2995 οἷναγορεῦσαιτόνσνέ-
900 2915 953 2975 καὶ
977 2915 1192 2999 ἀναγορεῦσαι
1206 2918 1264 2981 τὸν

107 3025 257 3103 γορεῦσαι
277 3023 312 3084 ἐν
328 3023 373 3102 τῷ
388 3018 469 3082 θεά·
504 3043 608 3103 φανον
620 3021 655 3083 ἐν
667 3024 714 3101 τῷ
723 3018 865 3102 θεάτρῳ,
900 3030 1065 3104 στέφανον
1078 3025 1113 3086 ἐν
1127 3027 1172 3105 τῷ
1183 3026 1264 3089 θεοί-

107 3148 169 3208 app
196 3133 378 3201 Διονυσίοις
403 3130 470 3199 τοῖς
503 3126 676 3208 τραγῳδοῖς
684 3131 804 3200 καινοῖς
812 3131 867 3212 τῆς
899 3150 963 3210 τρῳ
989 3136 1169 3208 Διονυσίοις
1190 3158 1264 3215 τρα-

106 3234 255 3315 pepulere
296 3234 469 3318 τραγῳδοῖς
503 3233 866 3315 δὲοῖναγορεύσεωςέαι-
899 3235 1011 3316 polea
1024 3243 1143 3312 καινοῖς
1156 3244 1212 3324 τῆς
1225 3241 1262 3303 δὲ

15 3404 16 3407 ,
107 3347 237 3416 καινοῖς.
338 3364 341 3370 ·
502 3341 686 3425 peloridum
706 3341 766 3428 τήν
785 3365 866 3424 προ·
899 3341 1138 3425 ἀναγορεύσεως
1152 3349 1263 3429 saepe·

502 3447 706 3514 corradendae
762 3449 866 3532 (podria
898 3448 1039 3533 ληθῆναι
1065 3452 1123 3515 τόν
1143 3452 1262 3534 α’γοινο-

501 3556 556 3628 aot
602 3556 661 3620 τὸν
702 3556 865 3638 α’γωνοθέ-
899 3560 1010 3639 Serpa.

502 3688 571 3748 την.

107 3769 309 3857 Quamquam
331 3773 460 3839 Voemel
487 3771 532 3853 (in
557 3791 660 3854 progr.
684 3771 773 3849 1841,
800 3792 830 3854 p.
853 3772 874 3836 5
894 3774 926 3835 et
952 3769 984 3850 6)
1013 3769 1095 3833 inter
1121 3767 1139 3850 ἕ
1161 3769 1203 3834 51
1232 3777 1264 3836 et

15 3862 16 3865 ¹
108 3879 166 3945 118
187 3900 254 3945 non
281 3880 325 3945 ita
348 3899 500 3964 magnum
528 3880 692 3961 discrimen
721 3879 911 3943 intercedere
940 3877 1124 3954 arbitratur,
1153 3880 1262 3943 tamen

15 3980 30 4063 l¹
107 3984 303 4052 diuersitates
331 3988 488 4070 quaedam
516 3986 624 4067 negari
652 4005 718 4050 non
746 3989 886 4068 possunt.
941 3984 1083 4048 Primum
1117 3985 1199 4049 enim
1228 3987 1260 4050 in

15 4100 17 4179 ᾗ
106 4088 124 4172 ἓ
146 4093 190 4156 54
212 4095 343 4158 uerbum
366 4095 582 4157 ἐπαινέσαι
602 4096 676 4157 ante
696 4094 921 4173 στεφανῶσαι,
951 4091 1037 4173 quod
1058 4091 1090 4153 in
1110 4089 1148 4173 ἐξ
1170 4093 1210 4155 84
1231 4097 1263 4158 et

15 4184 16 4199 ¹
109 4199 167 4263 118
186 4202 374 4282 reperimus,
403 4201 606 4266 desideratur.
649 4198 754 4284 Atque
775 4199 808 4263 id
827 4219 893 4264 non
914 4198 1015 4263 solum
1038 4197 1194 4264 absonum
1216 4204 1263 4265 est
