3054 4706
688 389 835 467 63'

209 585 378 664 Quaeritur
397 585 477 662 iam,
500 601 578 646 num
602 582 740 659 decreta,
769 581 802 644 in
825 580 937 664 quibus
957 586 1005 647 tot
1025 586 1057 648 et
1076 585 1166 659 lanta
1186 583 1286 648 offen·
1308 561 1312 567 ¹

124 694 218 770 dont,
234 692 420 776 praesertim
443 709 516 754 curn
536 689 690 772 plurimae
712 687 791 753 alius
810 688 895 753 modi
909 689 1107 755 difficultates
1122 690 1285 770 accedant,

124 820 236 864 omnes
270 800 333 864 lere
372 797 539 861 archontes
571 795 844 878 pseudeponymos
879 814 945 858 esse
981 799 1117 875 constet,
1154 798 1285 863 nomina

1 961 2 998 3
123 908 300 987 legatorum
330 904 461 968 nimiam
488 903 585 967 fidem
612 922 678 966 non
699 902 856 979 habeant,
885 901 985 967 multa
1005 902 1047 969 ad
1072 903 1233 968 historiam
1254 908 1286 968 et

124 1032 176 1077 res
201 1015 305 1093 gestas
329 1011 502 1093 spectantia
531 1010 584 1073 uix
612 1028 650 1074 ae
674 1028 720 1089 ,ne
750 1010 804 1073 uix
833 1009 962 1091 quidem
993 1010 1139 1092 explicari
1167 1013 1286 1095 possint
1330 1090 1332 1093 ι

1 1089 2 1166 l
126 1119 292 1201 (conferas,
314 1137 445 1201 quaeso,
467 1116 768 1200 praestantissimam
789 1115 951 1198 Droysenii
973 1116 1012 1178 de
1032 1115 1093 1180 hac
1113 1137 1148 1182 re
1173 1119 1285 1183 disser-

1 1261 2 1278 κ
126 1227 307 1304 tationem),
347 1225 446 1288 multa
485 1224 627 1306 peritiam
666 1227 808 1287 nostram
849 1232 955 1286 rerum
993 1227 1025 1286 el
1059 1224 1284 1306 antiquitatum

126 1332 367 1397 Atheniensium
387 1351 453 1395 non
474 1331 576 1394 solum
596 1349 662 1394 non
683 1330 861 1413 expediant,
883 1331 982 1395 immo
996 1349 1071 1395 uero
1093 1330 1232 1410 turbent,
1247 1369 1283 1378 -

1 1483 2 1528 i
129 1439 290 1522 quaeritur
312 1438 413 1517 igitur,
435 1457 513 1501 num
533 1437 612 1501 haec
633 1435 844 1518 psephismata
865 1437 975 1499 eadem
1000 1455 1037 1500 ac
1057 1438 1185 1517 genuini
1205 1439 1286 1504 tituli

1 1565 2 1572 ¹
128 1545 268 1627 lapidarii
289 1545 475 1609 auctoritate
490 1544 596 1625 digna,
618 1562 697 1607 num
713 1542 931 1607 Demosthenis
954 1546 1058 1607 aetate
1079 1562 1134 1606 seu
1155 1544 1285 1644 abipso

129 1651 339 1715 Demosthene
367 1671 423 1715 seu
458 1651 499 1714 ab
528 1649 653 1732 aequali
687 1649 793 1732 aliquo
823 1649 888 1712 eius
915 1649 1030 1717 inserta
1058 1651 1128 1714 sint.
1185 1651 1286 1716 Nemo

130 1758 307 1822 mehercule
329 1759 400 1835 erit,
430 1759 484 1842 qui
504 1758 565 1821 hoe
582 1759 791 1820 >contenturos
806 1755 863 1820 'sitl
911 1756 1020 1839 Itaque
1040 1775 1113 1822 curn
1133 1758 1284 1839 originem

1 1905 2 1914 κ
128 1866 249 1930 ducant
270 1885 309 1929 ex
329 1865 550 1948 posterioribus
570 1864 736 1940 aetatibus,
757 1862 881 1926 dubitet
900 1863 1020 1945 aliquis,
1041 1867 1148 1928 utrum
1163 1869 1284 1944 auctor,

128 1991 226 2053 quem
245 1973 391 2053 suspicor,
423 1991 463 2035 ex
486 1971 736 2035 bonis‘fontibus
766 1969 915 2046 hauserit,
943 1969 1009 2032 siue
1030 1970 1283 2055 inscriptionibus

1 2063 2 2116 l
126 2077 284 2160 lapidibus
305 2078 406 2142 incisis
436 2078 502 2142 siue
521 2077 701 2160 corporibus
721 2076 975 2158 inscriptionum,
1006 2096 1089 2159 quae
1117 2082 1283 2157 uocantur,

128 2204 149 2248 a
170 2184 300 2250 Cratero
321 2185 451 2267 aliisque
471 2184 545 2249 uiris
566 2184 665 2248 doctis
687 2182 806 2247 collatis
828 2203 903 2248 usus
925 2186 987 2261 est,
1016 2202 1059 2246 an
1079 2174 1137 2248 suo
1157 2184 1286 2251 arbitrio

127 2291 261 2355 finxerit.
310 2292 346 2355 In
375 2291 428 2355 illa
455 2290 625 2368 sententia,
656 2293 693 2354 ut
721 2307 817 2372 supra
845 2290 1075 2367 demonstraui,
1115 2293 1284 2373 usquead

126 2398 289 2481 Droysenii
324 2399 510 2464 memoriam
545 2417 655 2462 omnes
689 2397 752 2461 fere
781 2396 943 2478 philologi,
980 2400 1089 2478 postea
1120 2399 1285 2482 praecipue

125 2505 314 2570 Boehneclre
344 2508 376 2569 et
397 2505 524 2570 Voemel
553 2507 660 2581 erant,
690 2504 773 2568 hanc
794 2503 934 2586 Droysen
963 2507 994 2568 et
1015 2503 1153 2586 plerique
1174 2507 1284 2570 exilio

124 2616 270 2694 ternpore
290 2613 349 2676 uiri
371 2612 456 2676 docti
477 2611 685 2676 defenderunt
711 2608 761 2691 (cf.
783 2631 815 2692 p.
837 2611 856 2674 h
876 2609 964 2693 seq).
1017 2611 1123 2693 Atque
1144 2613 1284 2695 profecto

127 2720 310 2802 quicunque
331 2718 493 2801 Droysenii
519 2717 735 2800 quaestionem
763 2718 909 2782 subtilem
929 2737 1119 2801 summaque
1141 2714 1285 2784 doctrina

126 2825 324 2890 elaboratam
351 2825 458 2907 legerit
478 2829 509 2889 et
529 2824 761 2908 comparauerit
781 2843 854 2889 cum
876 2844 931 2902 ea,
961 2844 1043 2906 quae
1071 2825 1136 2908 ipse
1164 2808 1284 2891 dehac

126 2932 243 3027 difficili
258 2952 291 2996 re
312 2932 458 2997 disserere
474 2935 606 2996 conatus
621 2951 702 3009 sum,
727 2951 912 3015 persuasum
929 2931 1068 3009 habehit,
1089 2933 1283 3015 scriptorem,

128 3040 182 3120 qui
196 3043 251 3102 tot
272 3042 303 3102 et
322 3041 428 3102 tantos
449 3039 604 3103 commisit
625 3057 744 3103 errores
756 3072 797 3082 -
811 3039 1010 3118 »oenigmata
1024 3038 1144 3119 Oedipo
1165 3040 1282 3121 digna«

128 3143 341 3227 (Boehnecke:
364 3144 657 3226 Forsohungenetc.
678 3165 709 3225 p.
725 3143 797 3225 351)
813 3179 849 3189 -
866 3147 948 3208 certe
969 3163 1035 3209 non
1056 3145 1133 3210 actis
1153 3148 1285 3228 publicis

125 3252 178 3315 uel
199 3250 430 3316 collectionibus
450 3251 683 3334 psephimatum
711 3251 815 3314 nisum
845 3248 972 3314 decreta
993 3249 1045 3314 illa
1066 3254 1283 3334 composuisse.

125 3356 234 3434 Quare
262 3358 358 3423 aliam
387 3377 456 3425 rem
474 3356 693 3439 inuestigandi
732 3357 819 3423 uiam
845 3356 1002 3437 ingressus
1022 3357 1199 3440 eademque
1220 3359 1284 3424 fere

125 3483 166 3530 ac
193 3464 334 3548 Droysen
363 3468 548 3528 consecutus
575 3483 644 3559 non¹
665 3463 788 3545 dnhito,
819 3460 897 3544 quin
924 3464 1045 3543 omnio,
1082 3485 1163 3546 qnae
1191 3466 1283 3531 nodo

126 3572 328 3652 contemplati
350 3591 467 3650 snmus,
490 3572 613 3636 decreto
631 3591 730 3652 neque
751 3569 792 3634 ab
812 3571 882 3649 ipro
897 3569 1105 3636 Demosthene
1124 3592 1222 3654 neque
1243 3575 1283 3638 ub
1404 3574 1409 3589 ‘

126 3677 256 3758 aequali
285 3681 439 3760 scriptore
467 3699 567 3760 neque
597 3700 616 3742 o
647 3678 768 3743 seriore
797 3683 924 3745 anctore
954 3677 1138 3743 docnnientu
1160 3700 1283 3747 snrnmo

123 3783 308 3866 detectione
329 3793 505 3866 usurpante
526 3786 665 3850 orationi
686 3784 725 3848 dc
743 3803 858 3849 corono
881 3784 1009 3865 addite,
1038 3785 1094 3855 sed
1115 3786 1190 3865 fictu
1216 3791 1283 3856 sint

126 3891 282 3958 adhibitis
301 3891 379 3956 sotis
393 3892 616 3957 Demosthenis
636 3891 744 3956 nerhis
766 3912 786 3954 α
808 3892 881 3959 niro
902 3891 1038 3972 quodum
1057 3892 1153 3971 docto,
1176 3915 1284 3975 grum-

122 3999 241 4062 metieo
262 3998 313 4061 nel
334 3998 469 4077 rhetore,
492 4001 547 4079 qni
568 3999 654 4063 circo
675 4003 798 4063 ceritum
819 4018 920 4062 annos
942 4018 971 4061 u.
996 3997 1067 4064 Chr.
1089 4001 1220 4082 nituerit,
1250 4003 1283 4069 id

125 4104 213 4186 quod
249 4104 430 4188 praesertim
465 4124 540 4168 risus
576 4107 745 4170 uerborum
783 4105 986 4188 quorundam
1027 4104 1282 4194 (panniculosis,

125 4209 275 4291 ὀλιγωρία
296 4210 349 4291 al.)
369 4209 510 4275 indicant
532 4209 581 4291 (ct.
611 4210 794 4293 Droysenl.
816 4233 846 4293 p.
868 4210 951 4293 964).
1000 4211 1101 4277 Simul
1129 4215 1281 4298 astipulor
