3054 4706
626 944 770 1013 vaput.
792 944 847 999 n.

515 1156 518 1159 Δ
561 1104 669 1214 Ipsa
707 1105 911 1189 decreta.

239 1324 363 1389 Initium
385 1325 537 1389 faciamus
559 1345 579 1389 a
625 1388 629 1398 s

690 1432 707 1513 ἓ
730 1433 779 1496 49.

236 1561 439 1645 Quamquam
460 1563 688 1627 Boehnecke
718 1563 951 1645 (Forschungen
974 1583 1003 1646 p.
1027 1562 1099 1644 335)
1126 1563 1239 1627 >nihilo
1262 1565 1310 1627 in·

153 1668 223 1750 quit
252 1669 301 1732 »in
324 1669 456 1733 decretis
484 1670 681 1752 suppositum
703 1671 799 1747 inest,
826 1670 882 1734 sed
904 1670 1042 1762 *simulac
1068 1671 1135 1735 ueri
1162 1669 1310 1752 eponymi
1324 1756 1334 1773 ..

152 1775 286 1839 restituti
314 1779 404 1853 sunt,
433 1776 615 1840 dilabuntur
644 1795 755 1840 omnes
783 1776 983 1845 difficultates
1004 1777 1183 1854 historicae,
1211 1777 1309 1839 immo

7 1970 9 1979 Ι
130 1902 135 1903 ’
153 1883 346 1946 documenta
365 1883 431 1964 ipsa
443 1881 590 1946 historiae
603 1882 804 1946 illustrandae
818 1883 940 1964 egregie
958 1883 1179 1960 subueniunt«,
1201 1886 1309 1946 tamen

152 1989 185 2052 in
207 2007 299 2071 pagg.
311 1988 373 2052 lna
387 1992 418 2051 et
432 1989 494 2051 604
508 1988 659 2066 concedit,
680 1988 741 2052 hoc
763 1989 941 2071 psephisma
955 1989 987 2052 in
1001 1993 1141 2053 tenorem
1161 1986 1311 2052 orationis

152 2115 219 2159 non
245 2095 410 2177 quadrare.
452 2094 536 2158 Nam
555 2113 628 2159 cum
649 2115 687 2158 ex
703 2095 866 2160 Aeschinis
887 2115 930 2159 or.
954 2095 1029 2176 περὶ
1050 2117 1196 2176 ποραπρ.
1220 2094 1247 2175 ς.
1259 2096 1310 2173 91,

152 2216 193 2265 ex
220 2201 438 2266 Demosthenis
465 2223 509 2266 or.
542 2203 616 2283 περὶ
646 2225 793 2283 παροπρ.
827 2201 864 2284 ἓξ
887 2203 927 2266 15
956 2207 988 2266 et
1017 2203 1076 2267 154
1093 2202 1308 2283 tntellegatur,

158 2311 289 2372 auctore
309 2308 520 2373 Demosthene
537 2312 727 2373 senatum
748 2309 936 2385 decreuisse,
956 2311 993 2372 ut
1013 2307 1113 2371 altera
1133 2309 1245 2390 legatio
1270 2308 1312 2372 ad

152 2415 333 2498 Philippum
361 2415 552 2492 mitteretur,
590 2415 808 2498 populiscitum
837 2419 944 2479 autem
980 2434 1036 2497 pro
1074 2415 1134 2478 hoc
1167 2416 1310 2478 senatus·

152 2521 296 2585 consulto
319 2525 434 2598 exstet,
468 2522 581 2586 deinde
602 2542 675 2586 curn
697 2542 761 2586 non
783 2523 939 2605 quinque,
969 2542 1048 2605 quos
1066 2523 1126 2586 hoc
1147 2522 1310 2586 decretum

152 2628 289 2704 indicat,
319 2628 374 2692 sed
396 2628 504 2692 decem
525 2631 643 2711 legatos
665 2630 800 2694 delectos
828 2649 894 2692 esse
916 2633 1049 2707 constet,
1078 2629 1201 2709 aliaque
1221 2648 1310 2691 acce-

152 2735 242 2811 dant,
264 2754 346 2816 quae
360 2735 570 2800 dubitationes
586 2737 729 2814 afferant,
750 2737 935 2801 Boehnecke
948 2737 979 2820 (l.
996 2748 1066 2818 c'p.
1078 2734 1161 2816 tur),
1184 2734 1319 2799 Buechh·

153 2842 256 2924 (acad.
278 2862 384 2924 opusc.
405 2833 469 2920 IV,
489 2864 519 2926 p.
542 2842 631 2924 288);
663 2844 1051 2927 Winiewshilcornnrent.
1080 2844 1151 2907 hist.
1173 2864 1202 2925 p.
1226 2840 1310 2923 319),

152 2948 289 3030 Spengel
314 2946 403 3029 (Mus.
429 2950 532 3015 Rhen.
560 2951 600 3028 Il,
630 2972 659 3033 p.
682 2949 769 3032 379),
801 2950 928 3015 Voemel
955 2951 1069 3033 (progr,
1102 2950 1196 3028 1843,
1227 2971 1256 3032 p.
1277 2948 1309 3030 9)

155 3050 348 3120 »mirabili
368 3057 447 3120 uiri
468 3057 569 3121 nrale
584 3058 688 3121 docti
712 3077 864 3121 errore«
887 3057 947 3121 hoc
966 3058 1202 3134 documentum,
1224 3058 1309 3140 quod

152 3159 197 3225 ad
219 3161 316 3225 aliurn
339 3181 477 3238 annum,
507 3182 562 3226 seu
585 3163 626 3226 ad
649 3163 696 3226 Ol.
721 3164 788 3240 110,
811 3164 846 3240 D,
875 3183 930 3226 seu
953 3163 994 3226 ad
1011 3162 1058 3225 Ol.
1084 3165 1151 3240 111,
1176 3166 1209 3241 1,
1239 3184 1311 3246 per-

153 3269 282 3344 tineret,
310 3268 343 3331 in
364 3269 584 3332 Demosthenis
615 3270 654 3333 de
684 3289 801 3334 corona
831 3271 1006 3336 orationem
1034 3271 1216 3352 migrauisse
1237 3291 1309 3336 cen·

152 3377 292 3439 suerunt.
335 3374 424 3452 Quae
452 3375 607 3440 sententia
635 3379 671 3438 nt
696 3380 743 3440 est
772 3377 938 3441 artificiosa
965 3397 1022 3460 per
1050 3399 1083 3442 se
1111 3379 1155 3442 ita
1175 3380 1308 3460 maciem

152 3483 381 3566 probabilitatis
392 3503 464 3549 oum
475 3483 541 3547 aliis
549 3483 588 3547 de
599 3485 699 3548 causis
714 3484 825 3566 perdit,
839 3485 998 3562 tumidae,
1012 3485 1097 3567 quod
1110 3485 1308 3549 enuntiatum

153 3590 317 3673 quoddam
339 3591 455 3654 decreti
469 3591 584 3665 mirum
596 3590 628 3653 in
644 3591 775 3655 modum
790 3611 862 3655 cum
884 3592 988 3656 uerbis
1003 3592 1134 3656 oratoris
1147 3592 1309 3680 consentit.

153 3684 305 3778 Legentes
333 3698 434 3760 eninr:
467 3695 654 3779 ἀποδημεῖν
684 3678 848 3780 μηδεμίαν
878 3697 1060 3782 ὑπερβολὴν
1091 3707 1310 3780 ποιουμένους,

156 3800 242 3866 ὅπου
267 3800 311 3866 dv
339 3800 419 3864 ὄντα
446 3802 684 3865 πυνθάνωνται
715 3803 775 3864 τόν
805 3804 971 3867 Φίλιππον
1008 3806 1061 3867 καῖ
1096 3806 1172 3878 τοῖς
1199 3802 1310 3889 ὅρκους

154 3910 268 3991 λαβεῖν
290 3934 325 3972 τε
348 3909 424 3991 παρ’
445 3909 546 3973 αὐτοῦ
566 3911 618 3973 καὶ
642 3911 756 3974 δοῦναι
775 3912 834 3994 τήν
854 3917 1010 3996 ταχίστην
1032 3912 1102 3975 κτὲ.
1133 3933 1239 3976 nuntie
1260 3914 1308 3976 in·

154 4018 327 4094 ueniamus,
350 4019 429 4082 haec
450 4020 548 4082 uerba
569 4020 766 4100 perspicuam
787 4019 1021 4084 similitudinem
1049 4020 1167 4084 habere
1188 4041 1309 4098 eorum,

154 4143 239 4207 quae
259 4125 324 4206 ipse
345 4125 572 4189 Demosthenes
593 4126 624 4188 in
650 4125 740 4206 §nez
771 4127 938 4190 ἀποπλεῖν
965 4127 1025 4211 τήν
1051 4132 1208 4211 ταχίστην
1236 4128 1309 4203 τούς

153 4233 309 4312 πρέσβεις
325 4230 381 4292 ἐπὶ
391 4230 465 4304 τοῖς
475 4228 604 4310 πόπους,
626 4233 662 4296 ἐν
679 4223 726 4306 οἷς
740 4230 782 4295 οῖν
794 4227 875 4296 ὄντα
888 4234 1056 4299 Φίλιππον
1070 4235 1309 4302 πυνθάνωνται
