3054 4706
28 3232 32 3423 l

28 3458 31 3571 l

209 604 240 687 1)
262 604 375 681 ολτινες
396 607 652 691 παραγενόμενοι
672 610 874 685 διαλέξονται
960 607 1174 692 σιρατιολταςς

206 711 238 794 D)
259 710 291 776 εἶ
309 718 370 794 μὲν
390 714 435 777 δι’
453 713 587 795 ἄγνοιαν
609 764 632 781 ..
655 721 834 800 πεποίηκεν
854 765 932 782 .....
956 718 974 780 o‘
995 718 1095 800 δῆμος
1113 716 1210 779 οὐδέν
1220 741 1232 792 ,-

206 817 239 900 3)
260 818 291 882 εἰ
311 819 349 884 δὲ
370 821 547 905 μηδέτερον
651 824 706 886 καὶ
727 823 830 905 λέγειν
849 822 1095 906 (ἀπαγγέλλειν).

127 925 180 991 Sin
202 927 280 991 haec
300 928 343 989 ad
363 929 398 990 ἐκ
420 951 447 993 ι,
471 930 552 993 aaut.
576 935 778 1020 ψηφίσματα
793 935 868 996 sunt
890 966 929 977 -
951 935 983 995 et
999 952 1064 1014 quo
1086 931 1202 995 diutius
1219 929 1280 993 hoc

127 1052 247 1097 mecum
263 1034 409 1113 delibem,
430 1056 467 1100 eo
480 1038 581 1119 magis
601 1038 643 1102 ad
658 1038 742 1103 hanc
756 1039 947 1103 sententiam
963 1039 1105 1102 adducor
1116 1070 1156 1083 -
1171 1038 1280 1101 auctor

27 1190 28 1195 1
126 1140 170 1215 id,
201 1141 287 1221 quod
306 1141 423 1219 uoluit,
443 1160 509 1206 non
529 1143 604 1207 satis
624 1147 699 1225 apte
724 1144 828 1208 uerbis
847 1143 1012 1226 expressit,
1042 1163 1115 1207 cum
1136 1141 1178 1205 wi
1200 1141 1280 1229 ἐψη-

27 1270 29 1277 ·
126 1255 267 1326 omnem
301 1248 353 1311 uel
381 1251 599 1335 ψηφισθέιαα
636 1249 718 1333 (Lys.
748 1249 819 1314 XIV
846 1249 864 1332 ξ
896 1248 946 1331 la)
978 1250 1112 1314 scribere
1140 1248 1278 1325 deberet,

127 1355 413 1436 argumentumque
445 1357 751 1421 »senatusconsulti«.
779 1358 874 1421 inane
905 1376 962 1439 per
990 1376 1023 1421 sc
1056 1388 1094 1403 -
1125 1355 1278 1437 quidnam

126 1460 197 1523 noui
218 1463 435 1526 memoratur?
457 1496 497 1507 -
518 1481 584 1527 non
606 1463 650 1527 ita
670 1463 783 1527 clarius
802 1463 848 1528 fit.

203 1566 286 1631 Cum
300 1569 364 1632 iam
377 1588 407 1649 p.
420 1569 543 1632 39—40
550 1570 625 1633 satis
634 1570 848 1647 indicauerim,
857 1588 979 1634 morem
985 1569 1227 1634 Atheniensium
1242 1587 1279 1632 eo

27 1672 28 1677 ’
124 1671 277 1736 uiolatum
293 1692 376 1750 csse,
407 1675 509 1757 quod,
542 1695 739 1758 quamquam
769 1677 927 1759 apopulo
948 1676 993 1758 (in
1015 1676 1034 1758 ἕ
1056 1676 1107 1758 74)
1135 1675 1212 1740 nihil
1239 1675 1278 1738 de

123 1796 255 1842 numero
284 1780 459 1861 legatorum
490 1783 699 1846 creandorum
736 1784 916 1861 decretum,
956 1783 1033 1847 nihil
1068 1783 1101 1846 in
1136 1784 1278 1849 senatus*

124 1886 279 1962 consulte,
308 1887 483 1968 quodiam
504 1892 693 1967 tractamus,
722 1890 761 1953 de
789 1890 899 1953 eadem
928 1910 962 1954 re
989 1890 1195 1954 constitutum
1222 1893 1278 1965 est,

27 2004 29 2087 ζ
122 1991 337 2069 nihilominus
365 1996 529 2074 tamquam
553 1993 640 2058 nulla
661 1994 896 2073 deliberatione,
931 1995 1016 2059 nullo
1044 1995 1173 2059 consilio
1200 2012 1278 2076 opus

121 2098 165 2175 sit,
184 2101 248 2161 tres
268 2098 361 2180 legati
383 2099 579 2181 deliguntur,
608 2101 686 2165 nihil
707 2102 906 2184 relinquitur,
936 2102 993 2166 nisi
1015 2105 1050 2165 ut
1071 2102 1191 2179 dicam,
1215 2101 1278 2164 for-

121 2205 241 2268 mulam
269 2205 334 2267 καὶ
362 2202 519 2269 εἴλοντο
546 2205 692 2272 τούσδε
723 2210 794 2272 usui
822 2209 1063 2273 Atheniensium
1091 2227 1157 2272 non
1183 2207 1277 2289 plane

123 2313 324 2393 respondere,
362 2315 429 2396 qui,
463 2316 487 2379 si
517 2317 646 2380 nomina
673 2316 848 2397 legatorum
874 2316 1090 2393 addebantur,
1127 2318 1279 2395 πρέσβεις

28 2480 30 2513 χ
120 2416 351 2500 aromaca
364 2418 849 2505 ααχριιησαιιοοαειοε.
864 2423 946 2487 aaa.
961 2421 1074 2505 asae>
1087 2421 1276 2486 sariebant.

636 2528 727 2609 384,

86 2662 89 2670 ·
120 2650 199 2711 quae
218 2632 285 2694 iam
305 2633 456 2713 sequitur,
478 2635 594 2699 multas
614 2634 786 2700 locutiones
805 2638 945 2717 praebet,
968 2654 1049 2717 quae
1072 2635 1276 2699 aconsuetu-

120 2735 189 2801 dirae
203 2737 445 2803 Atheniensium
461 2741 657 2825 aliarumque
673 2744 814 2823 gentium
828 2760 894 2806 non
912 2743 1093 2806 abhorrent.
1123 2741 1276 2804 Attamen

121 2863 200 2924 quae
228 2845 332 2927 priora
358 2849 460 2910 exstat
487 2849 637 2913 founula:
665 2848 818 2920 πολλάς
846 2849 910 2911 καὶ
939 2847 1114 2929 μεγάλας
1141 2851 1277 2928 χρείας

120 2958 366 3031 παρέσχηται
397 2956 448 3033 aqi
480 2952 622 3037 δήμῳι.
659 2956 731 3019 Ἀθ.
768 2957 868 3037 magis
897 2976 936 3020 ex
970 2957 1092 3019 ratione
1118 2953 1275 3018 scribendi

121 3056 314 3122 coloniarum
329 3081 519 3142 yraecuram
531 3064 725 3143 praesertim
740 3065 950 3128 asiaticarum
972 3062 1049 3126 mihi
1064 3061 1189 3126 uidetur
1209 3080 1275 3124 esse

119 3165 288 3246 composita
316 3163 362 3246 (C.
391 3167 413 3230 Ι.
446 3168 497 3232 Gr.
521 3169 553 3248 ll,
581 3170 712 3233 abach
748 3169 859 3252 (ola),
887 3170 1004 3234 31341)
1039 3167 1149 3250 (Sar.);
1185 3168 1274 3231 ami.

118 3268 206 3332 laea.
228 3271 306 3335 3371
330 3271 434 3356 (Del),
461 3275 541 3338 2525
563 3275 703 3357 (Rhod.),
732 3268 812 3340 2675
834 3274 927 3357 (las),
954 3277 1034 3340 2335
1058 3273 1171 3357 (Ten),
1193 3274 1276 3337 3068

120 3372 204 3456 (Te),
220 3377 301 3440 3083
314 3378 508 3460 (ih.).1,1335
526 3380 660 3463 (Tam),
674 3401 771 3464 quam
784 3382 1002 3447 Demosthenis
1020 3385 1124 3447 aetate
1142 3380 1277 3443 Athenis

120 3485 231 3549 usitata
252 3485 353 3551 fuisse.
403 3486 466 3550 Pro
495 3487 546 3552 illa
568 3489 652 3552 enim
674 3489 872 3553 abundantia
900 3489 1049 3554 orationis
1067 3488 1276 3552 Athenienses
1401 3500 1402 3503 ’

119 3591 267 3673 simplicia
285 3593 399 3656 uerba:
421 3597 533 3674 χρείαν
554 3599 761 3676 παρέχεσθαι
781 3597 978 3678 usurpabant
1000 3595 1046 3676 (G.
1061 3596 1082 3658 l.
1099 3595 1151 3659 Gr.
1163 3594 1185 3671 l,
1205 3594 1272 3656 107.

119 3694 228 3762 Franz:
257 3699 294 3762 el.
317 3716 365 3782 ep.
388 3720 419 3764 n.
441 3702 490 3764 69.
531 3702 676 3766 Pittalris:
698 3704 770 3784 eph.
792 3704 878 3768 arch.
900 3723 932 3766 n.
953 3704 1040 3766 1372.
1070 3701 1273 3765 Boehnecke:

119 3800 341 3870 Demosthenes
363 3811 421 3871 etc.
441 3829 471 3891 p.
494 3809 571 3884 2553
593 3810 760 3891 Rangabe':
783 3810 822 3874 A.
846 3810 885 3873 Η.
908 3831 938 3874 ιι.
960 3808 1044 3889 447).

195 3912 240 3975 Illi
274 3914 409 3995 ubertati
440 3917 610 3980 uerborum
638 3918 826 3982 aduersarer
854 3918 1026 3982 obscuritas
1055 3916 1214 3999 quaedam
1242 3918 1274 3979 et

120 4014 318 4099 indiligentia,
337 4041 434 4104 quam
449 4023 560 4086 uerba:
577 4024 642 4086 καὶ
663 4024 824 4097 πολλοῖς
839 4027 914 4087 caio
927 4022 1276 4105 συμμάχων-καί

121 4142 226 4197 τινας
248 4130 367 4189 ιῶν-
383 4128 540 4192 πόλεων
555 4132 735 4195 ostendunt.
777 4132 910 4196 Decreta
922 4133 1006 4195 enim
1015 4132 1269 4211 Atheniensium,

121 4230 173 4292 etsi
202 4233 322 4298 siccitas
354 4237 512 4318 quaedam
533 4236 726 4301 locutionum
754 4238 797 4300 eis
817 4239 965 4319 neganda
986 4258 1050 4301 non
1075 4241 1135 4315 est,
1163 4242 1271 4303 tamen
