3054 4706
779 352 822 418 56

303 534 395 600 Noua
428 536 537 599 autem
576 536 672 615 atque
716 532 859 596 inaudita
893 535 967 596 sunt
1000 532 1113 597 uerba:
1153 532 1381 612 ἐπιγαμίαν

223 639 477 724 ποιήσασθαι
505 640 569 702 καὶ
599 635 736 721 ὅρκους
765 636 914 701 δοῦναι
940 638 1006 700 καὶ
1034 637 1180 720 λαβεῖν.
1221 636 1299 716 Quis
1320 653 1381 702 un·

223 767 321 832 quam
350 748 524 830 audiuerit,
562 747 769 812 Athenienses
807 764 878 810 cum
915 745 977 810 alia
1004 749 1098 828 gente
1133 745 1242 811 foedus
1266 746 1381 809 icturos

222 855 454 920 Demosthenen
474 854 578 920 aetate
604 855 712 918 iisdem
732 854 842 935 legatis
864 853 1053 918 mandatum
1075 853 1211 930 dedisse,
1233 855 1269 916 ut
1287 851 1381 916 simul

222 962 393 1026 conubium
407 960 545 1026 iacerent
557 960 712 1044 simulque
727 961 795 1025 iura
809 959 944 1025 iuranda
956 964 987 1024 et
1007 960 1120 1024 darent
1135 961 1167 1022 et
1182 959 1380 1041 acciperent?

222 1067 284 1133 Sed
307 1070 342 1131 ut
364 1067 403 1132 de
418 1067 554 1132 conubio
571 1071 733 1132 taceamus
755 1066 831 1148 (uid.
848 1064 1029 1131 Hermann:
1052 1065 1165 1130 Lehrb.
1188 1065 1244 1129 der
1266 1065 1380 1147 griech.

169 1196 172 1202 ¹
222 1174 286 1240 Alt.
314 1170 333 1255 ἕ
357 1175 416 1238 116
443 1195 474 1238 n.
496 1173 543 1256 A),
572 1174 748 1238 accuratius
777 1174 1012 1239 consideremus
1036 1173 1243 1237 locutionem:
1269 1168 1382 1252 ὅρκους

224 1282 337 1344 δοῦναι
356 1280 410 1344 καὶ
438 1279 561 1362 λαβεῖν.
610 1279 715 1357 Quam
742 1279 937 1344 conferentes
963 1299 1109 1358 cumea,
1141 1299 1224 1363 quae
1244 1280 1278 1343 in
1299 1277 1318 1360 d
1339 1279 1381 1344 29

223 1387 299 1471 (nid.
324 1408 354 1472 p.
376 1384 429 1466 23)
458 1386 627 1468 reperitur,
653 1386 888 1467 intellegemm,
916 1385 1081 1457 discrimen
1111 1386 1274 1469 quoddam
1300 1386 1382 1450 inter

222 1500 392 1578 utramque
405 1493 602 1558 intercedere.
644 1494 687 1557 ibi
703 1494 788 1557 enim
799 1493 1007 1558 Athenienses
1021 1513 1131 1576 pacem
1149 1512 1221 1557 curn
1235 1492 1380 1574 Philippo

223 1602 401 1668 faciendam
422 1600 640 1665 iureiurando
661 1601 724 1666 iam
746 1601 961 1679 firmauerant,
982 1601 1026 1665 ita
1047 1604 1084 1666 ut
1105 1620 1168 1667 uox
1189 1600 1302 1662 δοῦναι
1322 1616 1380 1664 suo

222 1704 291 1773 ioco
311 1726 376 1772 non
395 1711 491 1783 csset3
520 1710 661 1790 tempore
685 1711 811 1785 autern,
841 1727 904 1790 quo
925 1708 1151 1772 Demosthenes
1173 1707 1379 1789 rogationem,

223 1833 321 1897 quam
342 1816 528 1891 tractamus,
557 1814 641 1892 tulit,
668 1834 725 1878 nec
755 1814 954 1879 aThebanis
982 1834 1041 1879 nec
1071 1815 1113 1879 ab
1135 1813 1380 1879 Atheniensibus

224 1921 397 2004 quidquam
417 1920 456 1984 de
477 1920 601 1985 foedere
621 1921 765 1986 iaciendo
778 1925 900 2003 gestum
919 1924 996 1985 erat.
1038 1921 1110 1999 Qua
1124 1922 1269 1985 decausa
1281 1920 1380 1985 uerba

223 2023 469 2113 dpxovrdorirm
488 2026 544 2089 καὶ
564 2026 678 2109 λαβεῖν
703 2029 932 2092 dubitationem
960 2046 1024 2093 uon
1053 2029 1200 2093 uidentur
1219 2028 1379 2111 praehere.

224 2134 377 2199 Attamen
399 2153 465 2199 non
479 2134 573 2216 plane
592 2154 665 2199 cum
678 2135 903 2200 consuetudine
916 2134 1157 2199 Atheniensium
1170 2136 1379 2201 consentiunt.

222 2237 283 2318 Qui
304 2258 376 2305 cum
399 2240 460 2304 alia
477 2240 571 2322 genie
590 2240 702 2305 foedus
723 2241 813 2306 icturi
827 2242 964 2324 primurn
980 2241 1111 2306 comitiis
1125 2241 1240 2305 habitis
1261 2241 1380 2322 legatos

223 2348 390 2425 creabant,
418 2347 472 2433 qui
498 2349 621 2431 publice
647 2349 808 2414 uenientes
837 2348 876 2412 de
903 2352 997 2431 pacto
1022 2351 1161 2430 agerent.
1204 2347 1275 2425 Quo
1295 2348 1381 2412 iacto

222 2453 318 2536 legati
348 2457 516 2537 postquam
545 2456 691 2520 contione
722 2456 828 2538 populi
857 2456 972 2520 iterum
998 2459 1109 2520 coacta
1134 2455 1380 2520 Atheniensibus

221 2563 493 2641 renuntiauerunt,
515 2565 642 2645 gentem
657 2563 742 2627 iliam
756 2562 866 2626 foedus
884 2563 1048 2645 accepisse,
1071 2562 1318 2640 dimittebantur,
1341 2566 1379 2626 ut

222 2671 358 2750 gentem,
381 2688 519 2752 quacum
540 2669 649 2733 foedus
664 2669 767 2733 inituri
782 2670 882 2747 erant,
904 2670 946 2734 ad
962 2669 1188 2733 iusiurandum
1208 2668 1379 2750 adigerent.

221 2773 384 2840 Postremo
403 2780 541 2854 senatus,
563 2775 658 2840 duces
679 2775 895 2858 principesque
913 2775 1116 2857 reipublicae
1137 2775 1379 2839 Atheniensium

222 2883 291 2946 uice
312 2882 419 2965 populi
440 2884 605 2963 fungentes
623 2882 733 2946 foedus
744 2881 928 2946 sanciebant
950 2879 1001 2963 (cf.
1018 2882 1236 2946 Schoemann:
1256 2881 1379 2946 Griech.

221 2988 284 3053 Ait.
307 2988 342 3067 Π,
364 3011 394 3072 p.
418 2988 479 3069 19).
528 2988 630 3066 Quem
651 3008 772 3053 morem
794 2988 1035 3054 Atheniensium
1065 2993 1176 3053 auctor
1195 2988 1379 3070 supersedit,

222 3112 293 3159 curn
323 3096 442 3177 legatos
462 3114 527 3160 non
556 3094 658 3160 solum
682 3095 900 3160 iusiurandum
929 3095 1155 3160 Thebanorum
1182 3095 1379 3178 accipientes

222 3222 332 3267 uerum
355 3202 449 3266 etiam
473 3202 608 3268 uicissim
628 3203 766 3267 iurantes
786 3203 889 3279 faciat,
913 3203 999 3285 quod
1013 3223 1050 3267 co
1068 3204 1167 3285 magis
1183 3203 1299 3266 mirum
1321 3205 1379 3280 esi,

222 3329 294 3374 cum
315 3309 463 3373 Athenae
484 3312 516 3372 et
537 3306 665 3372 Thebae
693 3313 761 3375 tam
787 3327 887 3391 paruo
907 3309 1007 3391 spatio
1036 3309 1209 3375 disiunctae
1234 3308 1312 3387 sint,
1344 3314 1380 3373 ut

221 3416 314 3498 legati
337 3414 496 3480 celerrime
518 3414 631 3479 reuerti
652 3418 788 3497 possent.

303 3522 386 3586 Finis
416 3520 531 3586 decreti
561 3521 694 3586 efficitur
724 3522 823 3587 uerbo
844 3524 1031 3602 πρέσβεας
1059 3521 1135 3604 (uid.
1157 3541 1187 3603 p.
1207 3521 1247 3585 43
1269 3524 1302 3585 et
1323 3519 1376 3597 52)

222 3629 301 3708 ard,
324 3629 410 3712 quod
429 3629 559 3693 nomina
579 3648 644 3694 non
667 3629 776 3693 decem
796 3629 982 3710 legatorum,
1005 3648 1101 3710 quem
1124 3646 1290 3692 numerum
1313 3627 1379 3709 ipse

221 3736 448 3809 Demosthenes
466 3736 499 3799 in
520 3735 538 3817 ξ
556 3737 614 3800 178
629 3736 833 3815 indicauerat,
854 3732 909 3800 sed
927 3737 1067 3818 quinque
1087 3738 1214 3799 tanturn
1236 3735 1379 3801 uirorum

220 3847 406 3926 sequuntur.
448 3841 509 3920 Qui
529 3861 616 3907 error
636 3859 714 3907 num
736 3842 885 3906 Voemeiii
906 3843 1085 3906 coniectura
1107 3841 1151 3921 (in
1172 3858 1274 3924 progr.
1299 3841 1380 3904 luta

221 3971 251 4032 p.
264 3947 307 4030 9),
330 3951 470 4032 quinque
485 3949 615 4012 nomina
631 3948 788 4026 excidisse,
805 3947 943 4011 excusari
959 3947 1064 4029 possit,
1084 3948 1231 4030 equidem
1245 3964 1380 4028 magno·

221 4075 295 4139 pere
316 4057 457 4122 dubitem
480 4053 529 4137 (cf.
549 4055 690 4137 Droysen
710 4054 732 4117 I.
754 4075 784 4135 p.
806 4052 888 4134 712).

653 4188 941 4200 ...n-...m
