3054 4706
738 373 780 440 54

184 558 312 641 quidem
333 578 390 624 seu
410 557 502 631 τινας
522 561 583 638 μὲν
610 593 634 602 -
666 555 756 629 τινας
776 557 814 618 dd
835 575 890 623 seu
911 552 952 630 ἅς
972 560 1033 636 μὲν
1052 590 1091 602 ·-
1114 551 1155 630 dg
1169 557 1207 621 δὲ
1228 557 1261 622 in
1281 575 1342 622 usu
1401 540 1406 551 ⁸

184 666 287 743 fnisse,
309 665 449 749 Droysen
472 664 496 745 (Ι
516 686 545 747 p.
567 663 641 744 598)
662 684 721 728 suo
741 666 807 729 iure
830 664 893 729 iam
914 664 1112 729 memorauit.

265 772 432 836 Praeterea
453 791 519 837 non
537 770 639 853 placet
660 769 790 833 locutio:
818 777 998 850 πέμπειν
1020 771 1102 851 πρὸς
1122 768 1223 833 αὐτὸν
1244 777 1342 850 πρέσ-

184 882 262 958 βεις,
281 898 347 942 non
368 897 432 961 quo
454 897 581 960 prorsus
600 896 748 957 respuam
770 877 904 943 uerbum
928 883 1083 957 πέμπειν,
1105 877 1205 960 quod,
1228 896 1343 959 quam-

185 1004 282 1066 quam
303 985 454 1049 Weidner
474 986 515 1051 ad
539 983 614 1065 §63
634 1005 678 1049 or.
696 984 811 1049 Aesch.
832 1004 857 1049 c.
880 983 961 1049 cres.
985 1004 1096 1049 uocem
1119 984 1280 1067 propriam
1301 983 1343 1047 de

185 1092 309 1174 legatis,
333 1092 386 1174 qui
407 1091 531 1174 publice
552 1111 624 1156 cum
646 1090 805 1155 mandatis
828 1090 869 1154 ad
893 1090 1032 1172 aliquem
1053 1091 1238 1167 mittantur,
1259 1088 1343 1152 oino-

186 1197 330 1262 ordrltsrr
358 1218 424 1262 esse
451 1201 573 1274 censet,
602 1217 629 1261 e.
656 1217 701 1278 gr.
727 1198 759 1261 in
784 1196 947 1261 Boeclrhii:
976 1195 1049 1261 Oec.
1077 1196 1193 1275 eiulL
1222 1218 1252 1279 p.
1281 1196 1343 1260 749

184 1306 354 1382 inuenitur,
374 1305 430 1368 sed
450 1305 525 1386 quia
545 1290 655 1367 infinit.
677 1323 777 1386 praes.
791 1304 909 1386 positus
922 1307 968 1367 est
981 1322 1039 1384 pro
1057 1303 1213 1367 infinitino
1227 1302 1343 1380 aoristi,

185 1412 239 1494 qui
260 1413 293 1474 in
315 1412 567 1493 inscriptionibus
589 1411 717 1493 lapideis
738 1429 877 1492 semper,
907 1411 931 1473 si
959 1410 1051 1490 legali
1074 1409 1216 1474 mittendi
1241 1413 1342 1486 erant,

183 1520 337 1603 reperitur
360 1517 549 1600 (Kirchhoffi
570 1518 590 1581 l.
612 1517 651 1585 A.
673 1517 695 1595 Ι,
717 1537 747 1581 n.
762 1518 811 1581 40.
834 1517 922 1581 simil.
944 1520 1177 1599 χειροτονησαιε
1201 1516 1235 1582 C.
1252 1516 1274 1581 Ι.
1289 1516 1344 1583 Gr.

184 1627 207 1704 l,
223 1627 290 1691 107.
312 1625 453 1690 Boeclrh:
473 1625 609 1689 Staatsh.
632 1623 668 1701 li,
687 1645 717 1706 p.
736 1624 811 1688 7492
832 1623 980 1711 πέμψαι)
999 1624 1162 1704 (Newtonr
1184 1623 1252 1689 The
1274 1624 1343 1689 coll.
1431 1703 1435 1708 g

185 1735 219 1799 of
230 1753 299 1798 ano.
317 1733 369 1797 Gr.
391 1733 482 1797 inscr.
505 1733 537 1795 in
558 1732 612 1795 the
632 1732 748 1796 British
768 1731 912 1796 Museum
934 1750 965 1795 n.
988 1730 1049 1812 44).

265 1839 406 1904 Exeunte
436 1839 501 1903 fere
534 1838 735 1922 paragrapho
764 1839 859 1902 obuia
888 1841 934 1902 est
958 1839 1106 1902 formula:
1135 1837 1344 1920 ᾑρέθησαν

186 1946 228 2009 ἐκ
248 1944 405 2028 βουλῆς,
435 1964 517 2027 quae
545 1964 610 2009 non
633 1945 728 2008 modo
749 1944 820 2009 ideo
841 1947 986 2026 suspecta
1005 1944 1083 2007 mihi
1111 1944 1236 2008 uidetur
1266 1961 1342 2020 esse,

185 2053 270 2135 quod
296 2052 391 2116 attica
411 2052 537 2115 decreta
562 2070 620 2133 pro
641 2050 771 2133 simplici
789 2070 884 2115 uoce:
914 2050 1084 2134 ᾑρέθησαν
1104 2054 1161 2116 aut
1181 2047 1251 2113 cide
1272 2047 1342 2133 ᾑρέ-

184 2164 296 2240 θησαν
316 2160 371 2222 aut
394 2161 547 2237 πρέσβεις
568 2155 617 2239 po·
642 2156 691 2236 (cf.
708 2177 739 2239 p.
753 2155 809 2236 43)
832 2157 992 2235 exhibent,
1014 2177 1126 2223 uerum
1141 2159 1238 2222 etiam
1256 2157 1344 2240 quod

70 2318 72 2327 ,
185 2285 290 2347 neque
322 2264 478 2346 lapidibus
508 2282 611 2345 neque
651 2282 671 2327 a
706 2263 907 2345 scriptoribus
939 2264 1160 2328 Demosthenei
1195 2263 1344 2347 temporis

186 2374 342 2454 quantum
371 2371 508 2453 comperi
535 2371 688 2435 traditum
716 2373 775 2449 est,
807 2370 1015 2435 Athenienses
1044 2390 1188 2454 unquam
1212 2371 1344 2450 iussisse,

185 2479 304 2560 legatos
332 2497 371 2542 ex
398 2481 581 2543 senatorum
609 2498 744 2543 numero
773 2478 933 2559 eligendos
953 2498 1029 2542 esse.
1071 2477 1210 2556 Quodsi
1230 2477 1344 2559 nihilo-

185 2588 289 2650 minus
320 2587 439 2650 lactum
472 2589 533 2663 est,
565 2588 674 2651 tamen
702 2587 839 2663 constat,
872 2585 962 2650 hanc.
987 2605 1052 2649 non
1083 2585 1343 2650 consuetudinem

184 2692 424 2758 Atheniensium
452 2693 553 2757 fuisse.
602 2692 658 2755 Sin
686 2692 777 2772 legati
806 2692 868 2756 alia
890 2712 927 2756 ac
954 2692 1045 2779 solita
1070 2692 1194 2757 ratione
1215 2691 1344 2757 creandi

186 2803 286 2877 erant,
306 2799 367 2864 hoc
388 2803 496 2883 aperte
517 2799 550 2862 in
570 2800 637 2880 ipso
657 2799 783 2863 decreto
803 2799 1001 2863 indicabatur
1024 2798 1073 2879 (cf.
1095 2820 1125 2882 p.
1148 2799 1286 2865 23—24:
1308 2800 1345 2874 ἐξ

185 2911 363 2991 Ἀθηναίων
388 2906 569 2987 ἁπάντων).
619 2904 700 2988 Ergo
730 2907 761 2969 id
791 2904 937 2984 offendit,
975 2906 1062 2987 quod
1089 2926 1194 2989 neque
1224 2907 1256 2970 in
1283 2906 1345 2971 hoc

185 3036 290 3100 neque
311 3017 343 3080 in
365 3019 516 3098 sequente
537 3015 671 3091 decreto,
690 3014 722 3077 in
744 3033 808 3095 quo
822 3014 934 3078 eadem
954 3014 1069 3078 locutio
1089 3014 1237 3097 idemque
1258 3033 1345 3079 error

185 3125 318 3199 exstant,
340 3123 380 3185 de
401 3122 462 3186 hac
483 3141 516 3185 re
538 3120 713 3203 quidquam
735 3124 949 3184 memoratum
971 3124 1026 3185 est.

267 3228 442 3310 Postquam
471 3227 537 3309 ipse
565 3226 693 3291 Voemel
721 3225 765 3309 (in
797 3246 899 3309 progr.
933 3228 1008 3290 1841
1041 3248 1071 3310 p.
1105 3227 1154 3309 11)
1184 3228 1345 3306 concessit,

185 3335 353 3399 articulum
382 3334 451 3405 τας
473 3338 547 3398 ante
574 3333 717 3413 α’νοχας
744 3334 911 3398 molestum
933 3354 1014 3411 esse,
1044 3354 1116 3398 cum
1138 3335 1254 3399 bellum
1278 3353 1344 3399 non

186 3444 265 3507 esset
300 3442 469 3518 indictum,
498 3444 529 3505 et
554 3440 695 3523 Droysen
725 3439 758 3521 (l.
789 3461 819 3523 p.
843 3442 904 3504 700
935 3445 966 3505 et
998 3442 1071 3522 701)
1100 3460 1157 3505 suo
1188 3442 1254 3506 iure
1281 3442 1341 3506 iam

186 3547 422 3626 animaduertit,
445 3547 581 3628 intellegi
602 3565 667 3611 non
687 3567 792 3629 posse,
818 3568 874 3612 cur
895 3550 926 3610 in
949 3549 1010 3612 hac
1031 3549 1232 3630 paragrapho
1253 3567 1344 3613 sena·

185 3655 305 3719 toribus
321 3673 439 3718 nornen
453 3653 652 3730 demolirem,
674 3653 913 3735 quoduocatur,
933 3655 966 3717 in
989 3652 1007 3736 ἕ
1027 3655 1084 3718 165
1104 3654 1206 3718 solum
1227 3672 1345 3720 nomen

185 3762 283 3845 patris
305 3761 449 3826 additum
471 3761 522 3841 sit,
543 3764 668 3824 transeo
689 3759 731 3824 ad

710 3865 728 3948 ξ
753 3867 819 3931 165.

267 3974 336 4039 Hoc
363 3975 396 4038 in
417 3974 645 4058 psephismate,
677 3977 786 4056 utpote
815 3974 901 4056 quod
931 3974 1059 4039 easdem
1087 3975 1150 4038 fere
1172 3975 1347 4040 locutiones

186 4101 224 4147 ac
245 4081 264 4164 ὃ
288 4081 348 4144 164
368 4082 544 4158 contineat,
575 4080 652 4147 nihil
673 4081 737 4144 iam
759 4080 956 4163 relinquitur,
986 4083 1072 4165 quod
1092 4082 1266 4164 proteram,
1286 4082 1348 4147 nisi

184 4190 264 4255 forte
279 4188 414 4253 uerbum
424 4189 514 4251 ἐνδε
518 4194 700 4269 χυμένας,
719 4186 805 4268 quod
818 4187 959 4253 scholam
972 4207 1127 4272 usumque
1137 4190 1353 4271 posteriorum.
