3054 4706
799 394 841 459 et

238 568 411 658 Droysenio
432 569 546 637 dicenti
564 568 596 653 (i.
618 570 675 652 ci:
700 572 765 637 =Ich
787 573 873 638 finde
899 575 1012 640 keineu
1033 574 1145 641 Gruud
1166 577 1397 658 anaunehmen,

241 683 314 746 dass
334 681 384 745 die
405 679 578 744 Urkundeu
600 682 682 744 etwa
702 699 765 745 ron
787 681 951 746 mehreren
971 684 1103 749 verfasst
1128 686 1215 764 sind,
1244 688 1332 751 cuius
1352 689 1399 752 rei

240 790 406 873 praecipue
434 785 638 869 proprietates
666 787 827 869 quaedam
854 788 887 852 in
917 790 1064 855 omnihus
1092 791 1157 856 fere
1183 792 1315 859 decretis
1343 814 1400 860 ex·

239 899 359 962 stantes
381 891 510 977 (βοολῆς
525 941 550 956 ..
567 890 686 978 γνώμῃ,
709 894 981 978 πρυτανευούσης,
1004 897 1220 980 ἀναγορεῦσαι
1231 900 1285 981 al.)
1305 905 1401 966 testes

239 1007 323 1069 suut.
372 1000 483 1065 Unus
517 1000 640 1081 igitur
677 1005 813 1066 auctor
848 1002 948 1067 haec
972 1003 1240 1085 psephismata
1269 1010 1401 1072 mente

239 1108 488 1197 excogitauit.
517 1105 593 1184 Quis
603 1106 653 1172 iile
665 1107 745 1172 tuit?
778 1108 863 1173 Num
878 1110 985 1174 rhetor
1001 1110 1223 1176 Atheniensis?
1243 1112 1399 1197 Equidem

238 1218 299 1282 hoc
317 1234 444 1297 negem,
482 1212 648 1292 Quaenam
674 1214 768 1278 tuerit
794 1216 896 1297 patria
926 1216 1014 1281 eius?
1056 1218 1102 1282 Ea
1122 1219 1190 1283 sine
1212 1210 1326 1298 dubio,
1346 1221 1402 1285 ubi

239 1344 295 1389 eae
313 1324 434 1388 formae
447 1321 739 1404 praescriptionum,
759 1339 843 1403 quae
861 1323 893 1386 in
915 1323 1046 1388 decretis
1067 1325 1199 1390 orationi
1220 1326 1260 1389 de
1281 1344 1401 1392 corona

238 1431 361 1496 insertis
381 1428 594 1511 reperiuntur,
624 1427 736 1492 obuiae
756 1430 847 1506 sunt,
877 1430 931 1495 uhi
952 1429 1063 1513 γνώμῃ
1082 1432 1215 1515 βουλῆς,
1237 1432 1337 1515 μηνὸς
1361 1469 1401 1485 κ-

239 1534 403 1614 derriceus,
426 1536 482 1599 ἐπὶ
504 1530 660 1616 ἄρχοντος
681 1535 893 1618 Μνησιφίλου
913 1535 976 1618 (uel
999 1537 1098 1619 sim),
1121 1539 1183 1601 ἐπὶ
1206 1537 1400 1621 Χαιρώνδου

237 1643 414 1726 Ἡγήμονος
444 1639 598 1724 ἄρχοντος
629 1639 692 1722 (uel
718 1641 800 1721 sim.)
836 1644 961 1726 aliaque
991 1649 1132 1724 exstant,
1165 1647 1220 1711 uhi
1250 1648 1401 1731 apodesis

238 1752 436 1816 decretorum
463 1750 599 1815 tonnam
619 1737 801 1815 anacoluthi
823 1751 969 1833 praebet,
996 1752 1049 1816 ubi
1077 1753 1205 1821 decreta
1230 1755 1401 1819 honoraria

239 1858 390 1924 formulas
411 1854 534 1929 πολλαὶς
552 1856 606 1918 καὶ
626 1853 768 1937 μεγάλας
790 1862 899 1937 χρείας
920 1862 1136 1937 παρέχεσθαι,
1157 1859 1401 1940 καλοκαγαθίας

241 1965 347 2042 aua,
365 1964 581 2045 αόαγοροῦοαι
600 1963 778 2046 similesque
792 1964 950 2042 exhibent,
973 1963 1028 2028 ubi
1039 1984 1156 2030 corona
1171 1967 1296 2031 duobus
1317 1967 1401 2031 ludis

242 2068 481 2154 pronuntiatur,
512 2069 566 2135 ubi
587 2068 607 2131 o‘
628 2067 800 2150 ναύαρχος,
830 2069 926 2133 ὁέιιὶ
945 2076 1012 2133 τῶν
1029 2068 1154 2152 ὅπλων,
1183 2073 1403 2155 όσιραιηγός

240 2180 475 2253 memorantur,
503 2175 558 2240 uhi
585 2179 653 2240 tam
679 2176 801 2255 multa,
830 2197 912 2259 quae
944 2180 977 2242 in
1006 2180 1107 2244 atticis
1130 2180 1260 2245 decretis
1287 2169 1402 2245 ausam

238 2285 416 2350 offensionis
431 2288 462 2347 et
476 2283 678 2348 dubitationis
690 2285 836 2362 afferunt,
859 2289 1035 2349 occurrunt.
1078 2285 1166 2351 Haec
1187 2291 1295 2351 autem
1306 2290 1402 2365 terra,

239 2393 402 2474 adquam
424 2390 545 2455 animos
565 2391 718 2455 lectorum
737 2391 862 2473 saepius
882 2392 946 2455 iam
968 2393 1126 2470 conuerti,
1154 2392 1251 2457 Asia
1273 2393 1403 2459 minor

236 2503 299 2577 est,
334 2499 420 2563 unde
439 2498 587 2574 efficitur,
615 2501 651 2561 ut
671 2501 792 2562 *auctor
818 2498 1016 2562 decretorum
1044 2500 1117 2564 inde
1145 2503 1233 2564 ortus
1264 2501 1297 2563 in
1323 2519 1401 2565 con-

236 2605 407 2671 scribendis
427 2605 644 2688 psephismatis
670 2603 770 2669 attieis
791 2605 876 2668 hona
898 2605 961 2669 tide
982 2607 1086 2670 minus
1107 2626 1201 2670 risum
1224 2607 1402 2672 Athenien·

238 2714 321 2778 stum
340 2730 438 2794 quarn
459 2711 719 2776 consuetudinem
734 2710 898 2789 terensem,
922 2730 1004 2794 quae
1025 2713 1057 2777 in
1077 2694 1201 2796 'oppidis
1223 2714 1343 2796 petride
1367 2715 1400 2781 in

239 2821 347 2904 primis
366 2819 474 2885 ionicis
494 2818 676 2896 constabat,
696 2821 822 2881 secutus
842 2819 890 2881 sit.

321 2925 454 2991 Obiieiat
482 2925 560 2988 mihi
587 2924 759 3007 quispiam:
788 2925 887 3006 quid?
918 2943 1027 2989 nonne
1053 2926 1175 3008 singula
1196 2929 1286 3003 sunt,
1316 2944 1401 3009 quae

239 3033 414 3099 sententiae
427 3036 502 3096 tuae
518 3031 678 3095 aduersari
689 3030 855 3094 uidentur?
896 3031 1009 3096 Nonne
1024 3038 1145 3111 auctor,
1166 3052 1261 3116 quem
1276 3033 1400 3115 accipis,

240 3159 339 3226 pagos
360 3140 470 3203 atticos
492 3139 581 3203 nouit
600 3141 747 3222 recteque
769 3139 945 3219 significat?
991 3139 1105 3205 Nonne
1125 3141 1248 3221 singula
1268 3141 1401 3205 nomina
1511 3132 1512 3167 ³

238 3266 295 3313 seu
317 3248 491 3328 legatorum
515 3265 571 3310 seu
598 3245 703 3326 legum
733 3245 868 3309 latorum
897 3247 1040 3327 peritiam
1067 3246 1234 3329 quandam
1258 3247 1401 3328 gentium
1511 3256 1512 3285 t

238 3353 480 3419 Atheniensium
512 3351 707 3416 ostendunt?
761 3350 874 3415 Nonne
908 3355 939 3415 et
971 3353 1131 3416 contiones
1165 3353 1339 3417 ordinarias
1369 3356 1399 3417 et
1511 3358 1512 3413 f

239 3459 500 3525 extraordinarias
550 3476 638 3522 more
672 3457 913 3543 Atheniensium
959 3459 1085 3522 differt?
1148 3460 1260 3523 Nonne
1298 3460 1395 3523 forma
1511 3448 1512 3535 j

239 3568 438 3632 decretorum
459 3565 491 3628 iu
511 3566 697 3629 uniuersum
716 3585 791 3629 cum
816 3566 893 3629 actis
914 3565 1046 3646 puhlicis
1061 3566 1303 3630 Atheniensium
1323 3582 1397 3629 con·

240 3674 358 3739 sentit?
399 3671 457 3737 Cui
475 3672 655 3754 responderi
668 3672 747 3750 lieet,
768 3672 875 3736 omnia
889 3670 941 3735 illa
961 3671 1101 3737 haesere
1122 3671 1243 3735 ratione
1257 3672 1399 3737 facillime

241 3800 308 3845 esse
329 3778 493 3861 explicatu.
536 3779 659 3843 Etenim
688 3798 759 3843 cum
782 3781 893 3842 auctor
916 3779 963 3841 uir
979 3779 1202 3860 grammaticus
1223 3779 1273 3843 uel
1295 3779 1401 3842 rhetor
1511 3798 1512 3841 ς

238 3890 328 3965 esset,
349 3886 420 3969 quis
441 3889 498 3964 est,
520 3885 575 3968 qui
595 3885 727 3963 dubitet,
750 3885 826 3967 quin
844 3888 969 3966 tempus
990 3884 1153 3967 quoddam
1172 3886 1312 3962 Athenis,
1333 3884 1401 3947 »in-

237 3993 429 4058 uentricihus
450 3992 593 4056 omnium
614 3991 843 4068 doctrinarum,
870 3991 903 4054 in
925 3990 1039 4072 quihus
1059 4010 1185 4056 summa
1206 3990 1332 4055 dicendi
1353 3990 1399 4054 uis

237 4104 269 4165 et
290 4101 422 4164 inuenta
440 4102 488 4163 est
510 4101 541 4161 et
561 4098 717 4179 perfecta<
741 4097 817 4178 (Cic.
840 4097 880 4161 de
902 4100 980 4161 orat.
1002 4096 1110 4178 1,,13),
1132 4101 1273 4161 moratus
1296 4098 1344 4175 sit,
1365 4099 1401 4161 ut
1511 4080 1512 4105 ἢ

235 4205 341 4273 studia
367 4204 569 4287 etoquentiae
593 4207 776 4269 exerceret?
817 4203 901 4269 Tum
925 4204 1055 4269 forsitan
1082 4192 1293 4285 cognitionem
1315 4203 1401 4271 illam
