3054 4706
782 399 824 463 42

228 578 285 641 nisi
306 579 484 660 accipimus,
504 581 640 659 textum,
662 579 746 663 quod
768 582 913 657 uocatur,
933 579 1082 643 hocloco
1102 598 1168 643 esse
1188 581 1379 660 corruptum.

227 683 333 765 Quare
353 685 509 751 medelam
531 687 560 750 ei
577 687 726 765 afferens,
757 706 830 751 curn
850 687 997 763 arbitrer,
1019 689 1181 759 auctorem
1201 685 1304 751 dicere
1324 705 1382 749 uo-

227 790 334 854 luisse:
364 791 472 872 legatis
492 793 682 858 mandatum
701 813 785 870 esse,
811 796 862 873 ut,
884 793 1036 876 quidquid
1057 793 1218 874 Philippus
1240 791 1380 856 consulto

226 896 422 980 deliquisset,
447 899 478 963 id
498 898 729 978 renuntiarent,
760 901 905 977 coniicic,
937 919 1042 964 errore
1063 899 1262 964 librariorum
1282 899 1382 962 uerba

226 1005 280 1066 καὶ
307 1004 408 1085 λέγειν
434 1025 500 1070 esse
534 1008 679 1089 mutilata
708 1010 933 1090 auctoremque
967 1008 1135 1088 scripsisse:
1170 1005 1382 1086 ἀπαγγέλλειν

226 1111 244 1174 1.
274 1130 300 1174 e.
329 1115 523 1192 renuntiare,
558 1115 644 1196 quod
673 1115 807 1181 uerbum
835 1133 959 1197 semper
986 1115 1052 1178 fere
1082 1115 1121 1177 de
1149 1114 1382 1177 renuntiatione

225 1217 400 1298 legatorum
420 1225 591 1303 usurpatur
612 1220 663 1299 (ci.
683 1221 753 1285 (1.1.
770 1221 821 1285 Gr.
843 1221 865 1298 l,
891 1222 957 1285 112.
982 1221 1049 1285 113.
1072 1220 1160 1284 Dem.
1185 1221 1224 1284 de
1246 1239 1308 1284 cor.
1332 1219 1380 1283 391.

226 1324 275 1386 33.
297 1325 347 1388 41.
369 1326 418 1390 ch.
442 1327 509 1390 lla.
532 1327 602 1391 1184.
624 1329 664 1391 de
684 1328 704 1391 l.
727 1328 785 1408 leg.
809 1326 846 1408 §d
868 1328 897 1391 5.
920 1329 948 1391 8.
973 1328 1019 1391 18.
1043 1327 1092 1390 13.
1115 1327 1164 1391 28.
1186 1328 1235 1391 38.
1259 1327 1307 1390 39.
1329 1328 1380 1390 54.

226 1430 276 1493 59.
297 1432 347 1495 60.
371 1433 420 1496 63.
443 1434 492 1497 ih.
515 1433 563 1498 74.
588 1435 627 1498 75
648 1433 730 1514 etc).

759 1540 847 1622 §ilfa

307 1647 419 1711 Paucis
448 1649 573 1713 tantum
615 1649 769 1730 attingam
802 1648 991 1713 locutionem
1026 1646 1161 1721 ἔδοξεν
1193 1651 1246 1726 τῷ
1277 1645 1383 1729 δήμῳ

227 1758 412 1835 πρέσβεις
434 1752 612 1832 ἑλέσθαι,
640 1774 723 1837 quae
752 1754 913 1819 indefinite
934 1755 1017 1817 dicta
1041 1757 1087 1816 est
1115 1774 1189 1835 pro:
1222 1754 1333 1828 ἔδοξεν
1352 1777 1382 1816 τ.

226 1860 256 1921 δ.
280 1860 399 1943 βουλήν
418 1882 473 1939 πρ.
500 1859 544 1922 ἑλ.
566 1860 616 1941 (61.
648 1861 666 1942 ᾗ
691 1862 745 1925 741
775 1860 914 1944 ridenti)
944 1895 984 1906 —-
1014 1858 1172 1940 alprandi
1201 1861 1381 1942 πρέσβεις);

226 1968 378 2048 copiosius
400 1967 476 2030 mihi
497 1968 587 2032 liceat
609 1968 768 2049 disputare
792 1968 830 2031 de
858 1966 975 2030 uerbis:
1006 1966 1137 2038 ἐντολάς
1165 1967 1277 2029 dodras
1297 1967 1383 2030 κακοὶ

224 2073 265 2135 cci
295 2073 330 2133 ἐκ
356 2076 412 2154 τῆς
441 2073 607 2154 ἐκκλησίας
644 2077 847 2160 ψηφίσματα
873 2073 891 2135 i.
924 2092 950 2135 6.
989 2072 1143 2136 mandata
1179 2074 1286 2137 danda
1313 2093 1381 2137 esse

222 2179 397 2244 secundum
408 2180 534 2244 decreta
544 2198 582 2245 ex
602 2181 748 2247 contione
761 2179 868 2261 populi
882 2180 1031 2260 proiecta.
1053 2179 1116 2242 Sed
1126 2199 1198 2243 curn
1208 2181 1272 2242 iam
1285 2199 1383 2261 supra

224 2283 265 2366 (p.
288 2285 339 2365 39)
360 2286 659 2363 demonstrauerim,
688 2287 749 2349 hoc
770 2285 1043 2348 senatusconsulto
1064 2286 1112 2362 id,
1138 2287 1224 2367 quod
1245 2286 1382 2368 populus

221 2391 254 2454 in
276 2390 313 2471 ἓξ
337 2392 375 2455 73
399 2395 430 2455 61
452 2392 492 2455 74
512 2393 657 2469 iusserat,
687 2392 798 2455 confici
827 2395 924 2473 atque
945 2393 1069 2473 peragi,
1100 2393 1274 2474 quaeritur,
1304 2393 1382 2473 quid

221 2497 348 2578 pluralis
383 2502 584 2584 ψηφίσματα
614 2499 782 2580 significet,
825 2499 1084 2580 quandoquidem
1122 2518 1222 2563 unum
1254 2502 1382 2562 tantum

220 2604 439 2685 populiscitum
468 2603 519 2686 (ἐξ
539 2605 578 2669 73
607 2603 711 2684 6174)
739 2605 860 2669 factum
889 2609 943 2669 est.
995 2604 1124 2668 Voemel
1151 2606 1260 2685 igitur,
1289 2605 1383 2669 dubi-

172 2706 174 2711 ’
220 2711 373 2773 tationem
401 2711 566 2792 quandam
587 2711 695 2774 adesse
716 2711 803 2775 haud
833 2712 991 2791 ignorans,
1022 2711 1170 2774 uoculam
1198 2710 1251 2788 ἐκ,
1280 2730 1381 2793 quam

221 2817 332 2898 optimi
352 2817 474 2881 codices
494 2817 659 2894 exhibent,
689 2816 856 2881 lectionem
884 2819 1042 2880 minorum
1073 2817 1216 2881 codicum
1245 2837 1383 2899 sequens

222 2923 309 2988 uncis
322 2924 446 2988 inclusit
460 2926 492 2987 61
505 2924 614 2987 uertit:
635 2943 677 2986 m.
697 2924 727 2986 d.
749 2922 924 2987 secundum
943 2922 1112 3004 plebiscita.
1154 2924 1238 2987 Tum
1252 2924 1382 3005 pluralis

221 3033 424 3116 ψηφίσματα
451 3029 578 3110 quidem
606 3028 724 3093 facilior
751 3031 798 3091 est
827 3028 1001 3110 explicatu,
1027 3028 1173 3092 eumad
1199 3031 1379 3110 rogationes

195 3142 198 3149 '
220 3135 461 3218 Aristophontis,
484 3135 652 3217 Hegesippi
671 3140 918 3217 ceterorumque,
940 3154 1019 3216 quos
1032 3135 1260 3199 Demosthenes
1280 3137 1311 3218 (ἓ
1326 3136 1379 3216 75)

220 3245 391 3319 memorat,
419 3242 599 3307 referendus
627 3243 680 3320 sit,
711 3242 788 3324 quid
816 3262 892 3306 uero
921 3242 1061 3306 dicemus
1084 3242 1123 3305 de
1152 3243 1302 3323 singulari
1322 3246 1380 3325 τῆς

221 3349 414 3431 canipulus?
456 3349 568 3413 Nonne
594 3348 830 3431 1161616111(ἐκ)
852 3349 1110 3430 τῶκνέκκλησιῶκ·
1138 3353 1378 3430 exspectamus?

219 3455 320 3534 Adde,
351 3455 437 3536 quod
455 3456 550 3537 paulo
570 3461 645 3520 ante
675 3456 802 3536 legitur:
834 3457 884 3518 roi
914 3457 953 3518 ἐκ
981 3458 1048 3538 τῆς
1080 3455 1296 3537 ἐκκλησίας
1324 3455 1379 3535 (sc.

219 3564 469 3647 ψηφίσματαὲ),
504 3584 585 3647 quae
607 3564 706 3628 uerba
736 3564 820 3626 idem
853 3565 958 3628 ualere
986 3565 1134 3627 uidentur
1164 3563 1250 3646 quod
1270 3565 1319 3624 τα
1338 3564 1380 3624 ἐκ

220 3673 286 3750 τῆς
299 3671 380 3733 ἐκκλ.
397 3675 608 3758 ψηφίσματα.
635 3671 690 3734 Illa
705 3676 812 3735 autem
828 3671 955 3735 Voemel
970 3671 1077 3734 uertit:
1101 3671 1201 3734 relata
1215 3671 1378 3747 contionis,

220 3781 267 3859 τῆ
274 3801 289 3850 ς
312 3777 532 3859 ἐκκλησίας,
556 3778 617 3841 hcc
639 3782 699 3855 est,
720 3778 883 3856 contionis,
905 3779 993 3841 cuius
1013 3779 1175 3842 decretum
1196 3778 1233 3859 ἐξ
1257 3777 1381 3842 73-74

220 3884 498 3966 comprehendunt.
542 3884 629 3948 Haec
651 3885 744 3964 igitur
766 3885 897 3948 forsitan
917 3885 1107 3965 significent,
1129 3888 1165 3947 ut
1185 3884 1379 3948 accuratiore

220 3993 378 4056 locutione
400 3993 480 4069 utar,
500 3990 542 4053 ccl
567 3992 602 4052 ἐκ
615 4014 642 4052 r.
665 3991 746 4053 ἐκκλ.
769 3996 997 4077 ψηφισθέντα,
1018 3993 1079 4055 16.
1095 3992 1217 4072 singula
1238 3991 1383 4054 membra

221 4099 348 4181 (partes)
362 4099 546 4182 populisciti,
563 4101 809 4179 uniuersumque
822 4118 950 4162 sensum
964 4098 1050 4162 hunc
1065 4118 1131 4162 esse
1147 4099 1265 4161 iudico:
1286 4116 1380 4159 man·

221 4210 296 4274 data
308 4208 416 4274 danda
426 4227 492 4271 esse
507 4206 681 4270 secundnm
697 4224 744 4283 ea,
763 4205 986 4287 quaepopulns
999 4205 1190 4282 decreuerat,
1203 4207 1221 4267 i.
1231 4224 1256 4266 e.
1265 4201 1296 4284 (ἓ
1305 4201 1376 4284 74);
