3054 4706
790 339 831 403 ta

233 522 349 602 Quidni
368 521 486 598 auctor,
507 519 532 582 si
553 519 585 582 id
606 517 692 601 quod
713 516 838 581 Boeckh
859 517 953 581 sentit
975 537 1175 600 expressurus
1196 519 1275 597 orat,
1297 516 1389 579 όκια-

232 635 359 700 κοσίους
379 630 564 697 νεανίσκους
586 624 727 688 οἷσπίσιν
746 623 965 688 καθώπλισαν
985 626 1128 706 scripsit?

315 736 456 802 Uerbum
490 737 721 805 νεανίσκους
761 752 799 796 ex
837 732 1025 796 Bnehneckii
1064 730 1220 797 sententia
1252 730 1388 813 (Forsch.

233 868 263 928 p.
285 841 462 923 1851111911]
484 839 569 903 ualet
592 837 677 921 quod
700 839 830 920 ἔφηβοι,
861 838 947 919 quod
968 838 1096 902 Voemel
1118 837 1163 921 (in
1185 857 1286 920 progr.
1310 837 1388 900 1863

232 974 262 1035 p.
295 952 344 1033 18)
376 950 541 1031 impugnat
569 947 725 1024 indicam,
767 945 902 1028 hoplites
933 946 1063 1010 omnino
1095 949 1281 1017 νεανίσκους
1310 944 1329 1005 i.
1362 962 1389 1006 e.

231 1059 375 1123 robustos
401 1055 616 1119 adulescentes
646 1072 721 1117 esse.
770 1053 921 1117 Attamen
942 1053 1173 1118 Demosthenen
1201 1055 1305 1116 aetate
1337 1049 1390 1114 illa

232 1184 296 1229 uox
315 1163 375 1226 hoc
401 1177 495 1224 sensu
521 1163 588 1223 tam
618 1178 689 1224 raro
709 1162 862 1240 usurpata
887 1163 949 1236 est,
980 1163 1015 1223 ut
1037 1161 1091 1223 uix
1120 1158 1255 1241 intellegi
1281 1158 1389 1240 possit,
1511 1174 1512 1199 ν

232 1288 288 1335 cur
317 1270 428 1334 milites
457 1268 508 1331 uel
536 1261 679 1343 iuuenes,
713 1265 766 1347 qui
791 1265 908 1347 clupeis
935 1266 1049 1331 armati
1077 1271 1164 1344 sunt,
1192 1286 1258 1331 non
1286 1265 1389 1330 uerbis

232 1380 347 1460 ἔφηβοι
368 1375 533 1458 (Newtonz
563 1373 631 1437 The
653 1372 719 1437 coll.
742 1373 777 1436 ol
791 1392 861 1438 ano.
883 1372 932 1436 Gr.
955 1373 1045 1438 inscr.
1068 1393 1099 1436 n.
1126 1372 1174 1455 19)
1197 1374 1247 1438 uel
1269 1367 1388 1453 ἄνδρες
1512 1414 1513 1465 ,

233 1484 372 1566 (boeckh
392 1484 412 1546 l.
437 1481 476 1562 c.)
508 1481 559 1546 uel
581 1482 776 1561 στρατιῶται
801 1478 848 1564 (C.
870 1479 891 1544 Ι.
921 1479 973 1544 Gr.
996 1480 1018 1557 l,
1042 1478 1113 1562 105)
1138 1480 1302 1561 significati
1328 1479 1391 1541 sint
1512 1474 1513 1497 ¹

232 1592 283 1674 (cf.
303 1591 459 1655 Newman
479 1588 511 1652 in
534 1586 621 1651 class.
644 1587 722 1651 Mus.
744 1586 766 1665 l,
787 1607 816 1669 p.
840 1584 921 1666 167).

312 1697 423 1779 Neque
450 1714 540 1759 secus
568 1694 704 1758 turmula
733 1692 949 1773 α’ναγορεῦσαι
977 1697 1281 1776 Παναθηναίοις
1307 1694 1392 1764 τοῖς
1513 1714 1514 1769 ι

230 1802 409 1886 μεγάλοις
432 1803 534 1882 ἐντῷ
549 1804 712 1881 γυμνικῷ
726 1799 843 1880 α’γῶνι
863 1802 927 1863 καί
941 1805 1161 1873 Διονυσίοις
1176 1799 1392 1882 τραγῳδοῖς
1513 1786 1514 1823 ³

230 1914 382 1983 καινοῖς
410 1908 605 1974 dubitatione
634 1911 728 1973 caret
778 1909 845 1972 lam
870 1908 996 1975 boeckh
1018 1908 1057 1991 ¹(l.
1087 1927 1112 1971 e.
1140 1927 1215 1971 ann.
1236 1907 1269 1987 1)
1297 1908 1330 1970 in
1351 1925 1389 1968 eo

231 2017 350 2094 haesit,
382 2017 468 2099 quod
500 2016 532 2078 in
565 2015 583 2098 ὅ
617 2016 674 2079 115
706 2015 866 2080 Nausicles
902 2016 974 2080 solis
1014 2016 1094 2079 ludis
1127 2014 1389 2101 Bacchanalibus
1514 2082 1515 2093 ,

232 2123 440 2188 Charidemus
465 2125 574 2187 autem
602 2127 634 2186 et
650 2122 803 2186 Diolimus
832 2125 864 2185 in
885 2121 903 2202 ἓ
925 2123 983 2185 116
1011 2123 1125 2188 duobis
1152 2122 1233 2187 ludis
1253 2124 1284 2185 et
1305 2120 1391 2184 Pan·
1514 2116 1515 2153 ³

231 2230 393 2294 athenaeis
415 2234 446 2293 et
465 2228 716 2294 Bacchanalibus
736 2229 909 2293 coronandi
936 2229 1059 2293 fuerint.
1100 2228 1204 2306 Quam
1225 2247 1292 2292 rem
1315 2228 1391 2290 arti·

229 2336 334 2402 ficinse
366 2356 464 2414 sane,
492 2336 548 2400 sed
580 2336 837 2416 ingeniosissime,
866 2339 902 2399 ut
928 2336 1065 2415 solebat,
1095 2335 1240 2417 expedire
1261 2333 1391 2398 studuit.
1515 2326 1516 2363 ³

231 2444 348 2524 Effugit
367 2446 475 2507 autem
497 2462 588 2520 eum,
621 2462 658 2506 ex
679 2441 897 2506 Demosthenis
925 2447 1067 2525 tempore
1097 2445 1253 2524 quantum
1275 2442 1392 2504 scimus
1515 2438 1516 2459 ³

234 2551 356 2616 nullum
375 2549 555 2631 exemplum
577 2548 700 2627 adesse,
731 2568 769 2612 ex
790 2569 854 2630 quo
875 2552 1000 2632 pateat,
1021 2549 1154 2613 Athenis
1182 2548 1287 2612 uirum
1308 2548 1391 2611 bene

233 2658 273 2721 de
293 2656 458 2738 republica
478 2656 624 2719 meritum
645 2655 769 2719 duobus
789 2654 870 2718 ludis
898 2655 981 2719 festis
1002 2675 1068 2719 esse
1090 2659 1285 2720 coronatum.
1328 2653 1393 2731 Qui

232 2783 300 2828 mos
327 2763 431 2827 nescio
460 2780 502 2826 an
529 2760 751 2843 posterioribus
779 2760 909 2824 demum
943 2761 1073 2825 saeculis
1100 2762 1233 2826 Athenis
1261 2780 1392 2842 quoque

229 2870 338 2948 fuerit,
373 2868 566 2950 frequentius
602 2867 689 2949 apud
718 2865 858 2931 Graecos
891 2868 1008 2932 Asiam
1042 2870 1192 2932 minorem
1222 2868 1392 2932 incolentes

234 2976 348 3040 obuius
368 2979 415 3039 est
444 2973 490 3055 (C.
508 2976 528 3038 l.
545 2975 596 3039 Gr.
619 2975 655 3052 II,
675 2974 881 3038 casu-2333
903 2972 1016 3056 (Ten).
1038 2976 1151 3039 natue
1173 2974 1276 3058 (Syn).
1306 2975 1390 3039 Add.

230 3083 337 3148 11641
369 3082 475 3163 (Am).
506 3082 614 3146 11391)
650 3079 762 3163 (Aeg).
822 3081 977 3163 Tempore
1015 3086 1123 3147 autem
1159 3082 1393 3147 Demostheneo

229 3190 313 3255 uiros
336 3208 453 3254 corona
477 3208 574 3253 aurea
596 3188 706 3271 dignos
724 3189 910 3271 praesertim
924 3189 1165 3253 Bacchinalibus
1187 3189 1266 3253 ludis
1288 3207 1390 3270 neque

228 3296 368 3378 pluribus
391 3296 502 3359 diebus
524 3295 608 3360 lestis
629 3298 796 3360 coronatos
819 3296 922 3374 fuisse,
952 3297 1068 3361 docent
1094 3296 1239 3378 exempla
1257 3296 1290 3360 in
1312 3294 1346 3377 C.
1368 3295 1391 3359 l.

229 3402 281 3467 Gr.
302 3404 324 3481 l,
350 3402 417 3479 107.
453 3401 568 3466 Franz:
599 3402 637 3465 el.
664 3422 714 3484 ep.
733 3422 765 3465 n.
787 3402 836 3466 69.
872 3403 1048 3468 Kirchhoff:
1069 3402 1089 3464 l.
1109 3404 1148 3466 A.
1170 3402 1192 3480 l,
1215 3422 1245 3465 n.
1267 3403 1307 3466 59
1333 3406 1391 3465 etc.

228 3510 339 3594 Neque
368 3509 431 3573 huo
460 3510 576 3572 referas
605 3509 765 3577 decretum
793 3510 827 3573 in
847 3507 881 3574 C.
902 3508 923 3573 l.
946 3510 997 3574 Gr.
1021 3510 1043 3587 I,
1068 3510 1140 3587 108,
1169 3512 1277 3591 utpote
1305 3507 1393 3591 quod

228 3636 293 3682 non
318 3615 571 3694 Atheniensium,
592 3616 647 3679 sed
668 3616 911 3680 Salaminiorum
932 3616 1151 3698 populiscitum
1172 3616 1220 3679 sit.

313 3722 477 3786 Postremo
516 3723 730 3805 pronuntiatio
767 3741 902 3786 coronae
943 3723 1155 3787 demandatur
1187 3722 1389 3799 ίίιοονιοίοίίν,

226 3829 430 3911 papilonibus
455 3830 658 3912 aponoluen‘s.
699 3827 857 3906 Quoniam
879 3830 919 3893 de
939 3830 1126 3912 prytanibus
1147 3833 1178 3894 et
1194 3827 1393 3910 agonothetis

231 3956 327 4019 supra
350 3936 392 4019 (p.
409 3933 543 4017 30-31)
566 3936 662 4000 lusius
685 3935 806 3999 locutus
825 3955 907 4013 sum,
927 3935 979 3999 hic
999 3935 1223 4000 tantummodo
1236 3935 1391 4012 adiiciam,

232 4043 462 4108 thesmotbetas
490 4063 528 4108 ea
560 4047 679 4121 aetate,
714 4043 756 4107 ad
787 4062 883 4125 quam
909 4043 1103 4107 documenta
1129 4044 1230 4107 inor.
1261 4043 1299 4106 de
1329 4059 1391 4105 cor.

228 4153 387 4235 spectant,
409 4151 541 4217 Athenis
561 4171 627 4216 non
644 4151 745 4233 magis
765 4150 822 4216 illis
843 4170 922 4232 quos
940 4149 1036 4214 modo
1058 4150 1148 4214 attuli
1160 4147 1394 4231 magistratibus
