3054 4706
564 399 741 463 047

144 585 358 649 difficultatem
373 581 539 664 quandam
557 579 709 663 praebere
730 580 938 662 institutisque
953 581 1193 646 Atheniensium
1204 581 1299 664 plane

143 691 312 765 aduersari,
335 690 421 753 lrunc
433 689 536 752 locum
550 686 671 751 silentio
683 689 889 769 praetermisit
903 686 1018 769 (progr.
1033 689 1111 752 1813
1121 709 1150 771 p.
1166 690 1201 753 17
1210 688 1297 772 seq).

224 797 367 879 Denique
388 795 507 870 dubito,
529 813 605 857 num
622 794 755 857 uerbum
776 793 1057 874 prosatorem»,
1081 797 1166 877 quod
1187 798 1220 860 in
1237 798 1298 862 hac

142 904 343 986 paragrapho
363 900 537 966 secundum
557 901 707 964 seriorum
730 901 916 982 scriptorum
938 900 1090 983 (Diodor.)
1111 922 1204 968 usum
1224 925 1297 969 cum

142 1012 322 1076 accusatiuo
342 1011 495 1074 sociatur:
516 1006 758 1089 μισθοδοτῆσαι
772 1006 847 1079 τους
864 1006 1008 1088 ὁπλίτας,
1031 1011 1171 1073 eundum
1191 1031 1298 1076 casum

141 1120 207 1183 iam
225 1117 457 1181 Demosthenes
486 1118 590 1178 aetate
619 1117 689 1196 post
710 1133 743 1177 se
764 1114 925 1192 hahuerit,
954 1132 1028 1179 cum
1048 1117 1128 1181 Xan.
1150 1117 1182 1181 in
1203 1118 1297 1182 anah.

142 1227 172 1301 7,
196 1226 222 1303 1,
247 1225 284 1287 13
306 1224 387 1287 idem
411 1223 542 1286 uerbum
566 1239 639 1285 curn
660 1221 768 1284 datiuo
789 1223 903 1286 coniun
945 1225 967 1285 t.

535 1334 537 1337 ’
668 1326 778 1409 §lta
881 1323 884 1328 ’

226 1436 295 1500 Hoc
317 1436 348 1499 in
372 1436 498 1500 decreto
519 1438 738 1517 opponuntur:
769 1433 786 1497 ὁ
808 1434 864 1513 ἐπὶ
889 1437 954 1496 τῶν
975 1435 1116 1499 ὁπλιτῶν
1137 1442 1168 1502 et
1194 1438 1298 1503 o‘s'ni

140 1546 220 1605 τῶν
241 1543 395 1605 ἱππέων
417 1542 470 1624 (sc.
493 1540 691 1625 στρατηγός).
739 1541 786 1604 De
815 1542 868 1605 illo
890 1544 1031 1608 conferas
1059 1562 1175 1627 quaeso
1196 1567 1226 1628 p.
1248 1548 1298 1612 86.

140 1649 242 1713 Huius
270 1650 452 1731 significatio
473 1648 606 1712 Athenis
632 1650 701 1711 erat
725 1647 968 1712 inusitatissima.
1018 1649 1100 1714 Nam
1131 1670 1204 1715 cum
1233 1652 1300 1716 aliis

140 1757 325 1820 testimoniis
345 1756 384 1837 (e.
407 1776 452 1836 gr.
469 1755 547 1819 Poll.
570 1773 675 1818 onom.
699 1753 773 1831 Vlll,
788 1752 851 1834 94),
872 1757 942 1818 turn
955 1754 1173 1821 Demosthenis
1194 1759 1298 1823 uerbis

141 1862 234 1945 (Phil.
247 1864 269 1940 Ι,
292 1862 379 1944 §aei
401 1862 622 1927 dilucidissime
638 1862 881 1939 demonstratur,
903 1861 969 1926 eius
989 1865 1094 1928 aetate
1115 1884 1180 1928 non
1202 1884 1298 1947 penes

140 1990 242 2035 unum
262 1990 422 2035 summum
437 1970 604 2051 imperium
625 1969 787 2050 copiarum
802 1968 993 2050 equestrium
1014 1969 1115 2048 tuisse,
1134 1972 1188 2034 sed
1211 1973 1298 2055 equi·

141 2077 222 2141 tatui
243 2077 323 2141 duos
343 2078 515 2159 praefectos
536 2092 602 2139 esse
625 2076 734 2151 dacae,
761 2094 781 2138 a
803 2075 920 2158 populo
942 2075 1029 2138 initio
1049 2077 1125 2140 anni
1148 2079 1299 2161 cuiusque

141 2188 278 2261 creatos
312 2185 427 2266 quibus
454 2203 572 2247 nomen
599 2180 760 2261 ἵππαρχοι
788 2182 880 2247 fuerit
916 2180 1143 2263 (Schoemannz
1176 2185 1297 2250 Griech.

140 2290 203 2354 Alt.
230 2290 252 2367 1,
282 2291 352 2353 tto.
384 2289 502 2372 Pauly:
539 2290 686 2353 Realenc.
709 2288 757 2367 Ill,
786 2309 816 2371 p.
842 2288 930 2352 1340.
961 2289 1189 2356 Wachsmuth:
1216 2292 1296 2356 Hell.

139 2398 204 2462 Alt.
228 2398 262 2475 ΙΙ,
285 2396 367 2477 316).
410 2397 462 2460 Bis
482 2397 576 2478 igitur
597 2399 707 2460 auctor
727 2395 833 2477 lapsus
853 2400 916 2472 est,
946 2415 1019 2460 eum
1040 2397 1176 2478 primum
1196 2418 1297 2464 unum

139 2509 267 2571 tantum
307 2505 420 2568 ducem
453 2505 595 2593 equitum
623 2503 757 2566 Athenis
795 2503 888 2569 luisse
927 2504 1162 2582 memorauerit,
1201 2524 1298 2586 quem

140 2632 279 2678 errorem
300 2612 396 2674 etiam
416 2611 449 2674 in
466 2609 560 2691 §184
581 2610 743 2686 commisit,
766 2609 880 2673 deinde
901 2627 975 2673 eum
993 2613 1118 2692 praeter
1131 2614 1298 2675 consuetu-

141 2718 249 2780 dinem
271 2716 512 2779 Atheniensium
541 2715 750 2796 appellatione
777 2713 794 2777 ὁ
823 2714 879 2777 ἐπὶ
911 2717 976 2776 τῶν
1001 2712 1132 2778 ἱππέων
1159 2737 1234 2782 usus
1259 2718 1299 2781 sit

140 2843 213 2907 pro:
237 2819 415 2903 ἵππαρχος,
434 2822 520 2905 quod
540 2822 674 2886 uerbum
696 2823 728 2886 in
749 2820 769 2902 ἕ
792 2821 851 2885 184
871 2822 984 2886 rectius
1006 2822 1126 2905 legitur.

224 2929 364 2994 offendit
395 2948 522 3011 quoquc
547 2929 678 2992 locutio:
714 2930 789 2990 τῶν
823 2933 1080 3008 στρατιωτῶν
1114 2934 1226 2994 τινων
1258 2971 1298 2984 -

142 3037 445 3102 σκυλευθέντων
466 3069 505 3080 -
527 3034 797 3099 καθώπλισαν
824 3035 912 3109 νοτίς
933 3041 1159 3110 νεανίσκους
1178 3037 1296 3103 οἷσπί·

142 3162 205 3209 σιν
223 3144 483 3216 ὀκτακοσίαις.
531 3142 815 3221 Quaeriturenim,
836 3143 964 3222 humil,
986 3144 1040 3226 qui
1062 3149 1301 3226 στρατιῶται

139 3255 382 3333 nuncupantur,
413 3250 507 3314 iidem
538 3251 599 3313 sint
627 3264 665 3314 ac
684 3255 898 3328 νεανίσκοι,
917 3250 981 3332 ‘qui
1001 3254 1111 3333 postea
1130 3258 1296 3318 uocantur.

138 3358 269 3423 Boeekh
301 3355 417 3440 (opusc.
448 3357 498 3434 IV,
528 3378 562 3438 p.
591 3357 652 3420 873
682 3376 758 3420 ann.
788 3355 819 3436 3)
849 3355 911 3420 hoc
942 3360 1038 3438 negat
1067 3359 1297 3444 rectissimeque

138 3469 261 3542 monet,
277 3466 303 3531 si
316 3465 408 3528 iidem
421 3464 674 3544 intellegerentur
687 3463 837 3526 elocutam
850 3465 946 3525 τινῶν
966 3464 1049 3528 male
1070 3484 1143 3529 cum
1164 3485 1297 3531 numero

141 3570 383 3643 »ducerentque«
400 3570 583 3635 consentire.
619 3568 773 3646 Quocirca
786 3588 853 3633 rem
871 3571 915 3634 ita
927 3570 1069 3652 explicat,
1086 3575 1122 3635 ut
1135 3572 1297 3652 existimet,

14 3750 20 3761 ¹
138 3678 299 3755 nonnullis
327 3677 475 3741 militibus
503 3677 535 3739 in
565 3695 672 3758 pugna
699 3677 795 3740 armis
822 3676 960 3758 spoliatis
987 3677 1083 3741 duces
1103 3680 1297 3760 octingentos

138 3784 357 3848 adulescentes
368 3783 494 3847 maioris
509 3783 682 3848 securitatis
690 3801 786 3846 causa
797 3784 893 3846 armis
903 3782 1096 3865 hoplitarum
1107 3784 1294 3850 instruxisse.

12 3914 17 3933 ·
138 3889 232 3967 Quae
248 3890 411 3971 explicatio
431 3889 458 3952 si
470 3889 639 3971 probabilis
653 3891 700 3952 est
713 3892 860 3971 -atque
880 3889 942 3953 hac
959 3888 1026 3953 sola
1039 3889 1294 3972 interpretatione

135 3998 243 4061 bonus
272 3997 401 4080 quidam
422 4015 531 4060 sensus
559 3997 657 4059 oritur
677 3998 876 4078 uarietasque
898 3996 1067 4061 uerborum
1092 4000 1297 4076 στρατιωτῶν

138 4139 181 4149 -
202 4109 388 4176 νεανίσκους
406 4103 643 4184 quodammodo
665 4106 830 4169 excusatur
852 4103 1096 4185 -relinquitur
1116 4106 1241 4186 propria
1264 4111 1296 4170 et

138 4211 292 4278 mirabilis
317 4211 447 4277 locutio:
484 4208 703 4277 καθώπλισαν
737 4209 813 4282 τους
847 4232 876 4273 ν.
911 4209 1055 4275 α’σπίσιν
1085 4209 1296 4289 ὀκτακοσίαις.
