3054 4706
181 592 322 670 quantae
343 590 521 655 inimicitiae
542 591 623 655 inter
643 590 813 687 Thebanos
834 594 865 655 et
883 590 1091 656 Athenienses
1112 590 1242 655 tuissent
1263 580 1338 655 anie

180 695 324 761 Elateam
343 717 363 761 a
376 697 526 781 Philippo
544 702 768 781 expugnatam.
799 698 1023 782 Exspectamus
1038 699 1139 780 igilur,
1153 700 1188 760 ut
1203 701 1338 780 utroque

181 802 306 867 decreto
327 804 513 883 illustretur,
534 806 651 888 quoin
673 805 859 870 intolerabili
879 808 964 871 statu
990 805 1184 887 respublicae
1204 802 1338 869 Atheni·

178 911 300 974 ensium
328 915 360 975 et
389 911 613 976 Thebanorum
642 913 698 975 illis
726 912 921 994 temporibus
949 912 1073 976 fuerint.
1122 910 1184 975 Sed
1210 914 1335 975 tantum

176 1017 281 1095 abest,
301 1021 338 1081 ut
357 1019 456 1083 uerba
478 1019 696 1083 Demosthenis
718 1017 769 1101 (ἐξ
791 1020 857 1083 161.
883 1018 952 1099 163)
989 1018 1220 1101 psephismatis,
1252 1037 1335 1101 quae

177 1124 238 1188 hoc
259 1124 328 1189 loco
349 1125 513 1207 leguntur,
536 1126 777 1203 confirmentur,
804 1130 840 1191 ut
868 1145 996 1208 prorsus
1023 1124 1085 1190 alia
1110 1128 1345 1191 memorentur„

175 1231 299 1296 Etenim
328 1251 385 1314 pro
414 1232 606 1314 irnplababili
634 1233 705 1297 odio
727 1232 967 1297 Atheniensium
997 1233 1029 1299 in
1050 1231 1222 1297 Thebanos
1250 1234 1337 1296 utro-

175 1358 238 1421 que
248 1338 376 1402 decreto
390 1343 546 1417 narratur,
559 1339 740 1422 Philippum
752 1339 862 1404 foedus
878 1358 951 1403 cum
959 1338 1202 1403 Atheniensibus
1214 1338 1334 1402 lactum

174 1464 234 1526 pro
267 1445 364 1509 nihilo
398 1446 567 1510 ducentem
602 1465 720 1527 magno
748 1465 821 1511 curn
859 1447 997 1511 exercitu
1025 1446 1162 1510 Atticam
1191 1446 1336 1527 petiuisse

175 1554 273 1635 atque
287 1551 496 1616 Athenienses
514 1552 632 1633 legatos
646 1553 774 1630 misisse,
794 1553 847 1635 qui
870 1552 897 1616 ei
913 1541 1150 1634 persuaderent,
1172 1554 1207 1616 ut
1223 1571 1335 1635 pacem

176 1661 207 1722 et
228 1657 357 1723 foedera
376 1662 588 1736 conseruerat,
610 1659 635 1723 si
658 1659 772 1738 minus,
794 1661 829 1722 ut
842 1658 980 1723 indutias
1003 1658 1128 1722 faceret.
1168 1657 1335 1723 Praeterea

174 1764 244 1847 quis
267 1768 330 1842 est,
358 1764 415 1847 qui
435 1765 558 1844 credat,
589 1765 796 1831 Athenienses
824 1764 937 1831 eodem
957 1783 1044 1829 anno
1069 1784 1134 1829 uno
1156 1765 1210 1829 uix
1227 1781 1335 1829 mense

174 1870 334 1936 interiecto
355 1871 419 1935 duo
440 1870 566 1936 decreta
588 1872 710 1950 fecisse,
732 1891 868 1955 quorum
891 1874 1115 1952 argumentum
1137 1890 1202 1935 non
1221 1872 1334 1949 solum,

173 1977 230 2040 sed
250 1976 345 2041 etiarn
365 1977 489 2058 singula
509 1978 607 2042 uerba
619 1977 732 2042 eadem
749 1979 810 2042 iere
829 1977 967 2041 tuerint?
1010 1975 1212 2060 Quantopere
1226 1981 1333 2042 autem

173 2084 225 2148 illa
248 2083 463 2166 psephismata
481 2084 687 2162 consentiant,
709 2084 832 2165 singula
854 2084 1017 2166 utriusque
1038 2084 1183 2150 membra
1202 2085 1283 2148 inter
1301 2105 1334 2149 se

174 2193 398 2273 comparantes
418 2189 563 2254 facillime
581 2206 819 2272 cognoscemus.
861 2189 1007 2271 Legimus
1029 2189 1113 2253 enim

372 2296 527 2378 1116164
979 2294 1134 2377 1116166

173 2405 340 2485 κεφαλαίῳ
369 2405 407 2468 δὲ
432 2405 488 2467 ἐπὶ
511 2403 571 2489 τήν
589 2404 730 2487 Ἀττικήν
780 2400 1045 2485 παρεσκεύασται
1060 2402 1097 2464 δὲ
1109 2402 1163 2464 καὶ
1172 2396 1273 2463 παντὶ
1289 2404 1335 2482 τῷ

173 2510 456 2592 παρασκευάζεται
469 2514 730 2592 παραγίγνεσθαι
780 2506 1003 2591 στρατεύματι
1013 2508 1095 2590 πρὸς
1116 2508 1190 2582 τούς
1209 2506 1336 2589 ἔγγιστα

778 2619 834 2699 τῆς
844 2617 978 2701 Ἀττικῆς
999 2619 1260 2697 παραγίγνεσθαι
1282 2614 1334 2678 τό·

779 2744 868 2796 παυς.

173 2868 252 2949 παρ’
292 2868 423 2942 οὐδενός
462 2867 633 2953 ἡγούμενος
670 2871 728 2944 coir
779 2874 993 2952 παραβαίνων
1035 2870 1094 2943 τοὶς
1135 2868 1218 2950 πρός
1252 2868 1337 2950 ἡμᾶς

171 2974 328 3057 ἡμετέρας
347 2975 517 3059 συνθήκας
779 2974 991 3059 ὑπαρχούσας
1016 2975 1105 3056 αὐτῷ
1126 2974 1295 3051 συνθήκας

172 3129 321 3203 πέμπειν
343 3122 426 3203 πρός
447 3123 548 3184 αὐτὸν
569 3127 731 3205 πρέσβεις,
782 3133 916 3213 πέμψαι
930 3122 1011 3204 πρὸς
1023 3121 1125 3186 αὐτὸν
1142 3121 1263 3203 κήρυκα
1281 3123 1336 3185 καὶ

174 3225 288 3303 οἵτινες
324 3227 414 3309 αὐτῷ
447 3228 648 3304 διαλέξονται
676 3232 730 3293 καὶ
782 3234 947 3311 πρέσβεις,
985 3228 1099 3304 οἵτινες
1139 3228 1336 3306 υἷξιαίσουσιν

172 3335 458 3415 παρακαλέσουσιν
476 3334 586 3414 αὐτόν,
611 3371 643 3381 ·—
672 3337 731 3410 τοὶς
781 3337 835 3398 καὶ
844 3336 1127 3419 παρακαλέσουσιν
1135 3336 1237 3398 αὐτόν
1245 3336 1336 3420 ποιή-

171 3438 293 3521 αὐοχοῖς
314 3439 522 3525 ποιήσασθαι
781 3448 911 3507 σασθαι
930 3444 989 3518 τας
1011 3441 1132 3523 οἷνοχαίς
1287 3442 1289 3447 ’

171 3587 342 3671 ᾑρέθησαν
363 3589 398 3652 ἐκ
418 3589 536 3673 βουλῆς
749 3590 753 3687 l
777 3589 948 3674 ᾑρέθησαν·
969 3592 1005 3655 ἐκ
1025 3590 1142 3674 βουλῆς
1166 3634 1191 3651 ..
1288 3668 1291 3673 7

170 3695 330 3773 Quoniam
352 3696 505 3774 uidimus,
533 3716 598 3760 non
628 3697 672 3760 ita
701 3715 855 3776 magnum
882 3698 1051 3763 discrimen
1081 3697 1163 3761 inter
1191 3696 1245 3761 illa
1263 3699 1335 3759 acta

174 3802 301 3885 publica
327 3803 530 3881 intercedere,
549 3804 614 3868 iarn
634 3802 847 3885 inquiramus,
868 3825 951 3887 quae
972 3805 1005 3868 in
1026 3804 1177 3868 alterutro
1199 3803 1335 3867 sermoni

171 3909 308 3975 iudiciali
322 3910 563 3974 Atheniensium
583 3928 649 3973 non
670 3908 763 3990 plane
779 3910 1000 3993 respondeant.
1043 3909 1115 3974 Huc
1134 3910 1278 3991 spectant
1301 3908 1333 3971 in

747 4016 806 4080 164

172 4123 287 4188 uerba:
317 4120 361 4195 ἃς
390 4125 461 4202 μὲν
490 4156 528 4165 -
557 4122 669 4195 τινας
689 4013 732 4185 dgr*
758 4122 808 4203 (cf.
839 4120 970 4205 6181),
999 4141 1082 4204 quae
1103 4120 1335 4186 Demosthenea

172 4230 276 4294 aetate
297 4230 329 4293 in
358 4228 490 4294 decretis
518 4229 690 4293 scribendis
718 4248 785 4293 non
812 4233 964 4313 usurpata
987 4231 1069 4292 sunt.
1113 4228 1244 4292 Athenis
1265 4230 1333 4289 tum

1151 4339 1190 4394 ,μ
