3054 4706
724 379 764 443 55

246 555 348 621 Dubia
371 575 499 638 quoque
520 561 595 622 sunt
617 558 729 622 uerba:
756 557 828 620 τὸν
849 556 1041 638 ναύαρχον
1061 594 1099 603 -
1121 558 1186 620 τὸν
1207 575 1319 640 στρα-

70 694 71 697 =
159 661 281 742 τηγόν
300 661 367 724 καὶ
388 663 456 724 τόν
478 661 686 743 ἵππαρχον.
728 664 851 728 Etenim
872 665 1085 729 desideramus
1099 665 1165 747 ipsa
1185 667 1319 730 nomina

9 768 19 827 s
158 766 285 831 illorum
299 767 428 846 ducum,
449 770 575 852 quaein
592 769 723 834 decretis
738 771 839 834 atticis
856 789 1031 852 numquam
1045 771 1166 836 silentio
1179 776 1316 854 praeter·

15 854 44 965 ἵ,
79 904 82 911 «
157 874 337 954 mittuntur,
358 875 416 955 nisi
437 876 517 940 forte
537 895 646 940 omnes
676 877 803 958 strategi
826 880 1043 941 memorantur
1066 875 1110 958 (οιι
1129 882 1303 960 στρατηγοί
1307 899 1314 940 :

39 962 76 1075 s
156 979 538 1064 fflmdmnffl.
1025 998 1029 1006 ’

12 1165 39 1175 .„
240 1086 303 1153 Pro
316 1088 419 1152 uerbis
439 1088 498 1161 τοὶς
512 1088 611 1165 πεζοὶς
630 1089 684 1149 καὶ
706 1088 765 1161 ττὶς
787 1087 925 1161 ἱππικοὲς
944 1085 1099 1169 δυνάμεις
1111 1087 1314 1153 Ἐλευσῖνάδε

104 1204 107 1206 ’
157 1190 284 1273 ἐξάγειν
292 1193 518 1260 Demosthenes
531 1195 562 1257 in
577 1192 595 1276 ἓ
610 1195 667 1258 177
680 1184 884 1259 locutionem:
902 1191 1097 1269 ἐξελθόντας
1109 1191 1314 1258 Ἐλευσῖνάδε

9 1286 43 1317 '¹'
155 1298 232 1373 τούς
253 1299 291 1361 ἐν
313 1299 416 1384 ἡλικίᾳ
436 1301 490 1362 καὶ
512 1301 587 1374 τούς
607 1300 730 1374 ἱππέας
749 1306 966 1386 usurpauerat.

238 1406 386 1472 Formula
405 1415 566 1495 πέμψαι
593 1409 633 1470 δὲ
652 1411 716 1470 καλ
735 1410 921 1490 πρέσβεις
938 1429 1003 1473 non
1020 1408 1120 1473 solum
1133 1408 1313 1474 ideooffen·

154 1512 211 1590 dit,
234 1514 319 1596 quod
338 1533 490 1578 numerus
511 1514 688 1596 legatorum
711 1536 776 1579 non
798 1516 952 1580 indicatus
969 1520 1015 1585 est
1032 1514 1109 1598 (uid.
1124 1536 1154 1598 p.
1168 1516 1312 1598 etr-no),

153 1619 211 1683 sed
239 1619 335 1685 etiam
364 1622 450 1703 quod
479 1641 542 1685 uox
569 1621 687 1690 ericum
715 1642 780 1686 non
811 1626 928 1700 exstat,
957 1643 1040 1706 quae
1070 1622 1124 1687 ubi
1146 1623 1177 1686 in
1199 1623 1311 1688 eadem

9 1690 27 1751 Ξ
65 1758 70 1767 ·
156 1727 302 1791 contione
316 1728 424 1811 populi
435 1728 527 1810 legati
540 1729 667 1794 creandi
678 1732 752 1793 sunt
762 1748 886 1811 semper
898 1731 1118 1812 apponebatur
1127 1727 1202 1811 (uid.
1211 1750 1241 1812 p.
1249 1728 1311 1811 83).

236 1831 273 1897 In
295 1831 313 1914 ἓ
339 1834 397 1898 185
418 1834 565 1916 periodus
592 1839 628 1899 ut
649 1837 716 1899 erat
737 1835 858 1916 longior
878 1854 934 1916 per
955 1854 1002 1913 se,
1024 1836 1068 1900 ita
1089 1836 1168 1900 dura
1189 1837 1311 1901 ratione

65 1932 70 1939 ’
154 1938 369 2021 abrumpitur,
405 1960 557 2023 cumpro
584 1937 634 2003 ὅτι
654 1942 672 2002 ὁ
690 1940 791 2024 δῆμος
889 1939 1089 2023 βοηθήσει
1120 1943 1310 2008 infinitiuum

9 2036 40 2096 Ι
151 2043 335 2128 βοηθήσειν
356 2051 580 2129 exspectemus,

16 3240 20 3247 ’
63 3272 69 3283 .
149 3240 181 3283 n.
206 3220 288 3301 381).

231 2148 396 2235 'sequntur
410 2153 522 2219 uerba:
545 2151 743 2237 βοηθήσει
763 2152 827 2214 καὶ
848 2151 1114 2233 δυνάμεσικοιὶ
1134 2152 1310 2237 χρήμασι

152 2259 222 2321 καλ
242 2258 381 2339 βέλεσι
400 2260 467 2321 καλ
491 2256 636 2337 ὅπλοις,
658 2279 742 2341 quae
764 2279 829 2323 non
850 2259 985 2323 multum
1005 2261 1220 2343 discrepante
1241 2261 1308 2325 ult.

151 2365 183 2428 X
203 2368 293 2430 orati.
320 2366 401 2430 decr.
424 2365 547 2447 1152:
577 2365 788 2448 παρασκευήν
816 2362 928 2428 ὅπλων
953 2366 1006 2429 καὶ
1030 2365 1134 2446 βελῶν
1161 2367 1215 2429 καὶ
1245 2389 1303 2449 μο-

151 2470 365 2553 χανημοέτιον,
394 2473 448 2551 ΙΙΙ,
473 2473 490 2555 ἕ
511 2475 548 2537 5:
579 2469 667 2536 ὅπλα
695 2477 756 2554 μὲν
784 2471 891 2536 πολλοὶ
920 2473 973 2534 καὶ
1002 2473 1106 2554 βελῶν
1137 2472 1307 2556 μυριάδας,

152 2576 227 2658 §90
247 2583 324 2643 orat.
347 2579 386 2644 de
406 2600 482 2644 con:
508 2579 679 2662 βοηθήσας
710 2579 912 2653 πλοίοις
936 2581 989 2642 καὶ
1015 2585 1095 2662 σίτῳ
1122 2581 1175 2642 καὶ
1197 2581 1307 2662 βέλεσι

151 2685 206 2747 καὶ
228 2684 390 2767 ὁπλίταις,
411 2684 624 2752 abhorrent'a
644 2707 757 2769 genere
778 2688 942 2766 scribendi,
963 2708 1027 2771 quo
1045 2688 1253 2753 Athenienses
1274 2688 1307 2751 in

151 2792 283 2856 decretis
313 2794 479 2858 exarandis
507 2795 679 2859 utebantur
706 2794 860 2876 (Boeckhz
887 2795 1060 2860 Verbesser.
1091 2796 1157 2860 und
1178 2795 1306 2860 Nachtr.

149 2919 190 2962 zu
218 2899 280 2963 den
310 2900 328 2962 3
355 2900 435 2964 Bdn.
465 2900 520 2964 der
548 2901 685 2964 Staatsh.
716 2922 746 2982 p.
777 2901 851 2965 XX:
886 2905 1024 2984 βοηθεῖν
1051 2900 1306 2986 Ἀθηναίους

150 3006 236 3068 κατολ
250 3008 307 3090 γῆν
335 3007 388 3068 καὶ
410 3007 493 3068 nurci
521 3006 695 3069 θάλατταν
724 3007 824 3068 παντὶ
854 3006 968 3070 σθένει
989 3008 1074 3071 κοντοὶ
1103 3008 1140 3070 τὸ
1162 3007 1304 3070 δυνατόν

63 3090 67 3099 ’
151 3111 201 3193 (cf.
224 3111 258 3178 C.
280 3114 302 3177 Ι.
325 3112 376 3177 Gr.
398 3114 419 3191 I,
439 3133 471 3176 n.
495 3115 561 3177 107.
591 3114 708 3178 Franz:
738 3115 775 3177 el.
798 3134 845 3196 ep.
866 3134 897 3176 n.
921 3108 977 3177 69':
1009 3114 1180 3197 Rangabe':
1204 3116 1242 3180 A.
1266 3115 1304 3178 H.

55 3396 69 3413 ..
232 3326 355 3391 Turbat
377 3326 490 3405 deinde
510 3327 681 3391 infinitiuus
709 3319 811 3390 εἶναι
842 3348 880 3392 ex
900 3328 1003 3394 uerbis
1028 3327 1122 3401 εἰδολς
1142 3323 1305 3411 irreptus

52 3424 79 3493 :⁹
150 3434 231 3498 adeo
247 3416 527 3510 constructionem,
555 3436 590 3496 ut
613 3434 841 3500 coniciendum
868 3436 922 3513 sit,
952 3436 1038 3499 hunc
1068 3435 1170 3499 locum
1202 3455 1306 3500 errore

149 3540 266 3604 librarii
284 3559 350 3604 esse
371 3538 553 3629 corruptum
574 3545 797 3625 auctoremque
819 3547 902 3607 recte
922 3543 1096 3625 scripsisse:
1123 3542 1222 3605 ἐστίν.

230 3645 267 3710 In
289 3645 307 3727 β
332 3647 389 3710 186
417 3647 549 3711 uerbum
577 3647 831 3728 α’ντιβαίνειν
851 3648 1039 3713 Newmanni
1062 3647 1159 3726 (class
1182 3648 1259 3712 Mus.
1281 3649 1303 3727 1,

148 3776 179 3838 p.
205 3751 275 3834 168)
297 3754 500 3836 suspitionem
522 3757 638 3832 mouet,
661 3757 715 3837 qui
735 3756 925 3834 breuissIme‚
957 3760 992 3820 ut
1014 3755 1102 3832 solet,
1127 3775 1193 3819 »we
1215 3755 1301 3820 find«

45 3854 51 3867 “
148 3861 251 3943 inquit
272 3883 329 3917 ν-
353 3860 552 3942 ἀντιβαίνειν
577 3863 610 3925 in
632 3881 652 3925 a
672 3863 780 3926 rather
799 3863 960 3946 suspicous
990 3862 1122 3945 poetical
1144 3883 1233 3926 sense
1255 3864 1303 3927 for

149 3969 387 4050 ἐναντιωθῆναι
408 3988 443 4031 or
465 3967 684 4051 desideriunt«.

229 4073 308 4138 Item
336 4074 368 4136 in
397 4072 415 4156 ἓ
447 4075 503 4138 187
535 4076 683 4140 articulus
709 4079 800 4139 ante:
840 4069 966 4147 ἄλλοις
984 4070 1139 4156 Ἕλλησι
1171 4076 1302 4142 omissus

119 4207 127 4219 s
149 4179 352 4245 nullomodo
373 4181 445 4245 ferri
466 4184 577 4264 potest,
599 4202 697 4264 quare
718 4181 760 4247 ab
782 4181 907 4246 Reiskio
928 4181 991 4245 iam
1013 4180 1140 4247 additus
1161 4186 1215 4247 est
