3054 4706
598 926 743 999 (input-
764 926 841 982 111.

220 1087 279 1173 De
307 1095 461 1175 auctore
489 1088 728 1174 decretorum
755 1086 847 1196 quid
876 1090 1123 1174 statuendum
1151 1087 1213 1174 sit.

216 1328 374 1407 Quoniam
401 1327 608 1394 antecedente
635 1327 847 1410 disputatione
875 1333 907 1394 et
927 1330 1118 1412 praescripta
1139 1327 1291 1393 solemnia

134 1438 166 1498 et
186 1436 253 1516 ipsa
273 1428 402 1501 decreta
423 1434 594 1500 satiemini
621 1434 769 1499 uidentur
788 1438 924 1501 tractata
945 1456 1026 1515 esse,
1055 1436 1119 1500 iam
1148 1439 1292 1500 nostrum

133 1542 205 1620 erit,
224 1544 404 1625 anquirere,
433 1561 516 1624 quae
535 1562 576 1606 ex
596 1559 635 1606 ea
655 1541 797 1605 concludi
817 1543 950 1625 possint,
977 1543 1032 1626 qui
1053 1543 1172 1607 fructus
1193 1560 1233 1605 ex
1254 1559 1293 1605 ea

135 1649 168 1712 in
189 1649 273 1713 hanc
296 1649 545 1714 dissertationem
568 1647 740 1726 redundet,
767 1649 842 1730 quid
874 1648 914 1712 de
942 1653 1069 1714 auctore
1094 1649 1293 1713 decretorum

135 1756 339 1821 statuendum
366 1757 414 1820 sit.
455 1754 646 1837 Priusquam
674 1758 782 1819 autern
812 1753 891 1820 haee
910 1755 1086 1837 diligentius
1106 1756 1292 1830 scrutemur,

135 1882 249 1944 operae
278 1863 413 1946 pretium
435 1862 508 1940 erit,
538 1881 636 1944 quam
664 1861 844 1925 breuissime
873 1866 969 1944 aiqire
997 1861 1179 1947 summatim
1210 1878 1293 1941 qnae

132 1971 288 2035 hactenus
301 1974 376 2035 sunt
393 1970 534 2052 exposita
548 1967 821 2051 comprehendere.
854 1968 946 2047 Quod
963 1987 1026 2051 quo
1037 1968 1148 2033 melius
1161 1965 1303 2043 eluceat,-

82 2120 85 2123 ι
133 2077 270 2141 eandem
291 2079 356 2142 fere
377 2075 611 2159 dispositionem
631 2093 670 2139 ac
690 2094 786 2158 supra
806 2094 942 2159 sequens
959 2075 1003 2138 'in
1024 2073 1176 2157 principio
1208 2089 1293 2154 pono

2 2218 3 2277 3
134 2185 196 2248 sub
217 2182 322 2248 litera:

183 2289 220 2354 A.
241 2286 537 2375 Praescriptionos,
559 2306 693 2370 quarum
715 2286 803 2351 nulla
824 2287 946 2368 integra
962 2291 1018 2352 est

218 2396 240 2460 Ι.
260 2396 544 2461 Desiderantur
565 2396 649 2458 enim
670 2393 811 2475 (asiatico
832 2391 933 2475 more)

256 2502 288 2578 ai
311 2505 345 2567 in
365 2502 502 2584 stupetis
521 2502 753 2582 praescriptis:
1027 2563 1029 2569 ,

299 2608 333 2690 α)
355 2608 447 2683 soors
463 2610 503 2692 τῇ
516 2584 623 2690 ’βουλῇ
642 2607 696 2669 καὶ
717 2608 763 2686 τῷ
782 2604 876 2690 δήμῳ
897 2606 941 2689 (tn
960 2605 1056 2688 §sna
1081 2609 1129 2672 73.
1154 2608 1203 2670 sn.
1225 2606 1292 2669 105.

357 2717 424 2780 118.
447 2716 514 2779 181.
537 2737 567 2797 p.
588 2716 618 2779 9.
640 2716 678 2780 cf.
701 2735 732 2796 p.
756 2714 816 2795 14).

297 2824 331 2904 β)
361 2823 418 2885 ἐπὶ
440 2826 495 2906 τῆς
517 2820 719 2903 [Ἀττιοχίδος
750 2820 936 2904 ἑνδεκάτης]
966 2825 1162 2904 πρυτανείας
1188 2818 1233 2899 (in
1254 2815 1293 2897 ᾗ)

355 2931 403 2993 37.
426 2931 475 2994 73.
500 2930 568 2993 115.
592 2930 650 2992 165
672 2927 744 3010 [75]
764 2949 794 3011 p.
815 2928 857 3009 9).

306 3036 335 3120 γ)
357 3038 423 3101 dies
444 3037 559 3101 mensis
579 3036 624 3118 (in
648 3034 666 3117 ἕ
688 3037 737 3100 73.
759 3057 789 3118 p.
815 3036 873 3116 19).

300 3145 333 3227 δ)
355 3160 473 3207 nomen
493 3142 568 3223 legis
589 3142 695 3207 latoris
719 3141 764 3223 (in
783 3140 822 3223 ἐξ
845 3142 913 3205 164.
938 3142 1004 3205 165.
1025 3161 1056 3222 p.
1078 3139 1120 3221 9).

304 3250 333 3332 ε)
354 3252 461 3314 omnia
475 3252 600 3331 praeter
614 3268 731 3312 nomen
746 3249 899 3330 rogatoris
910 3247 1087 3329 uerbaque:
1103 3242 1296 3325 πρυτάνεων

353 3354 511 3435 λεγόντων
530 3352 647 3437 βουλῆς
667 3352 776 3437 γνώμῃ
798 3353 843 3436 (in
867 3352 886 3434 ἓ
909 3355 977 3418 116.
999 3373 1029 3435 p.
1050 3350 1096 3433 8).

258 3463 292 3544 b)
315 3465 349 3526 irc
372 3462 515 3527 omuibus
532 3461 862 3542 praescriptionibus:
1066 3460 1069 3467 ’

300 3569 334 3653 α)
358 3566 547 3654 [ἑνδεκάτῃ]
571 3571 627 3653 τῆς
647 3573 846 3649 πρυτανείας
867 3568 910 3651 (p.
932 3565 975 3647 9).

298 3678 333 3761 β)
355 3681 421 3741 τῶν
442 3678 612 3760 προέδρων
629 3674 835 3765 ἐπεψήφιζει·
857 3675 900 3759 (p.
917 3674 959 3755 9).

216 3785 250 3848 II.
274 3784 418 3850 Contra
437 3783 757 3849 consuetudinem
772 3782 969 3846 forensem
985 3779 1296 3845 Atheniensium.

258 3891 290 3972 a)
308 3912 390 3971 pars
407 3891 697 3970 praescriptionem
719 3891 785 3969 ipsi
808 3889 931 3953 decreto
954 3889 1129 3968 apponitur
1157 3888 1191 3950 in
1215 3885 1233 3968 ἕ
1255 3889 1298 3950 75

309 3995 352 4079 (p.
375 3998 421 4060 14.
447 3996 506 4077 16).
1062 3996 1068 4007 “

258 4100 292 4183 b)
313 4103 430 4186 βουλῆς
519 4098 627 4184 γνώμῃ
649 4101 766 4183 lepittcr
787 4102 819 4166 in
840 4101 878 4183 §fi
898 4102 948 4166 37.
971 4101 1019 4164 75.
1044 4101 1111 4165 115.
1134 4102 1205 4165 116.
1229 4103 1297 4168 164.

310 4210 367 4274 165
390 4208 432 4292 (p.
454 4212 483 4275 9.
509 4206 651 4289 14-16).
